@ARTICLE{1991ApJ...376..123C,
   author = {{Cordes}, J.~M. and {Lazio}, T.~J.},
    title = "{Interstellar scattering effects on the detection of narrow-band signals}",
  journal = {\apj},
 keywords = {Interstellar Matter, Narrowband, Radio Scattering, Radio Sources (Astronomy), Radio Transmission, Bandwidth, Line Of Sight, Milky Way Galaxy, Pulsars, Spectral Line Width},
     year = 1991,
    month = jul,
   volume = 376,
    pages = {123-133},
      doi = {10.1086/170261},
   adsurl = {http://adsabs.harvard.edu/abs/1991ApJ...376..123C},
  adsnote = {Provided by the SAO/NASA Astrophysics Data System}
}

@ARTICLE{1995ApJ...451..717G,
   author = {{Gupta}, Y.},
    title = "{On the Correlation between Proper Motion Velocities and Scintillation Velocities of Radio Pulsars}",
  journal = {\apj},
 keywords = {STARS: KINEMATICS, STARS: PULSARS: GENERAL},
     year = 1995,
    month = oct,
   volume = 451,
    pages = {717},
      doi = {10.1086/176258},
   adsurl = {http://adsabs.harvard.edu/abs/1995ApJ...451..717G},
  adsnote = {Provided by the SAO/NASA Astrophysics Data System}
}

@ARTICLE{2000ApJ...539..300S,
   author = {{Stinebring}, D.~R. and {Smirnova}, T.~V. and {Hankins}, T.~H. and 
	{Hovis}, J.~S. and {Kaspi}, V.~M. and {Kempner}, J.~C. and {Myers}, E. and 
	{Nice}, D.~J.},
    title = "{Five Years of Pulsar Flux Density Monitoring: Refractive Scintillation and the Interstellar Medium}",
  journal = {\apj},
 keywords = {ISM: General, Stars: Pulsars: General, Radio Continuum: General, Scattering, Turbulence},
     year = 2000,
    month = aug,
   volume = 539,
    pages = {300-316},
      doi = {10.1086/309201},
   adsurl = {http://adsabs.harvard.edu/abs/2000ApJ...539..300S},
  adsnote = {Provided by the SAO/NASA Astrophysics Data System}
}

@ARTICLE{2014arXiv1412.1599R,
   author = {{Ravi}, V. and {Shannon}, R.~M. and {Jameson}, A.},
    title = "{A fast radio burst in the direction of the Carina dwarf spheroidal galaxy}",
  journal = {ArXiv e-prints},
archivePrefix = "arXiv",
   eprint = {1412.1599},
 primaryClass = "astro-ph.HE",
 keywords = {Astrophysics - High Energy Astrophysical Phenomena, Astrophysics - Cosmology and Nongalactic Astrophysics, Astrophysics - Instrumentation and Methods for Astrophysics},
     year = 2014,
    month = dec,
   adsurl = {http://adsabs.harvard.edu/abs/2014arXiv1412.1599R},
  adsnote = {Provided by the SAO/NASA Astrophysics Data System}
}

@ARTICLE{2015MNRAS.451.3278M,
   author = {{Macquart}, J.-P. and {Johnston}, S.},
    title = "{On the paucity of fast radio bursts at low Galactic latitudes}",
  journal = {\mnras},
archivePrefix = "arXiv",
   eprint = {1505.05893},
 primaryClass = "astro-ph.HE",
 keywords = {scattering, surveys, ISM: general},
     year = 2015,
    month = aug,
   volume = 451,
    pages = {3278-3286},
      doi = {10.1093/mnras/stv1184},
   adsurl = {http://adsabs.harvard.edu/abs/2015MNRAS.451.3278M},
  adsnote = {Provided by the SAO/NASA Astrophysics Data System}
}

@ARTICLE{2013ApJ...776..125M,
   author = {{Macquart}, J.-P. and {Koay}, J.~Y.},
    title = "{Temporal Smearing of Transient Radio Sources by the Intergalactic Medium}",
  journal = {\apj},
archivePrefix = "arXiv",
   eprint = {1308.4459},
 primaryClass = "astro-ph.CO",
 keywords = {plasmas, radiation mechanisms: non-thermal, scattering, waves},
     year = 2013,
    month = oct,
   volume = 776,
      eid = {125},
    pages = {125},
      doi = {10.1088/0004-637X/776/2/125},
   adsurl = {http://adsabs.harvard.edu/abs/2013ApJ...776..125M},
  adsnote = {Provided by the SAO/NASA Astrophysics Data System}
}

@ARTICLE{2014arXiv1412.0342P,
   author = {{Petroff}, E. and {Bailes}, M. and {Barr}, E.~D. and {Barsdell}, B.~R. and 
	{Bhat}, N.~D.~R. and {Bian}, F. and {Burke-Spolaor}, S. and 
	{Caleb}, M. and {Champion}, D. and {Chandra}, P. and {Da Costa}, G. and 
	{Delvaux}, C. and {Flynn}, C. and {Gehrels}, N. and {Greiner}, J. and 
	{Jameson}, A. and {Johnston}, S. and {Kasliwal}, M.~M. and {Keane}, E.~F. and 
	{Keller}, S. and {Kocz}, J. and {Kramer}, M. and {Leloudas}, G. and 
	{Malesani}, D. and {Mulchaey}, J.~S. and {Ng}, C. and {Ofek}, E.~O. and 
	{Perley}, D.~A. and {Possenti}, A. and {Schmidt}, B.~P. and 
	{Shen}, Y. and {Stappers}, B. and {Tisserand}, P. and {van Straten}, W. and 
	{Wolf}, C.},
    title = "{A real-time fast radio burst: polarization detection and multiwavelength follow-up}",
  journal = {ArXiv e-prints},
archivePrefix = "arXiv",
   eprint = {1412.0342},
 primaryClass = "astro-ph.HE",
 keywords = {Astrophysics - High Energy Astrophysical Phenomena},
     year = 2014,
    month = nov,
   adsurl = {http://adsabs.harvard.edu/abs/2014arXiv1412.0342P},
  adsnote = {Provided by the SAO/NASA Astrophysics Data System}
}

@book{chambers1983graphical,
  title={Graphical methods for data analysis},
  author={Chambers, J.M.},
  isbn={9780534980528},
  lccn={83003660},
  series={Chapman \& Hall statistics series},
  url={http://books.google.com/books?id=I-tQAAAAMAAJ},
  year={1983},
  publisher={Wadsworth International Group}
}

@ARTICLE{2004ARep...48..457S,
   author = {{Semenkov}, K.~V. and {Soglasnov}, V.~A. and {Popov}, M.~V.},
       title = "{Analysis of the scintillation pattern of the pulsar PSR B0329+54 based on VLBI data at 1650 MHz}",
         journal = {Astronomy Reports},
	      year = 2004,
	          month = jun,
		     volume = 48,
		         pages = {457-469},
			       doi = {10.1134/1.1767213},
			          adsurl = {http://adsabs.harvard.edu/abs/2004ARep...48..457S},
				    adsnote = {Provided by the SAO/NASA Astrophysics Data System}
				    }

@ARTICLE{1992A&A...261..353C,
   author = {{Cornwell}, T.~J. and {Perley}, R.~A.},
    title = "{Radio-interferometric imaging of very large fields - The problem of non-coplanar arrays}",
  journal = {\aap},
 keywords = {Image Analysis, Interferometry, Radio Sources (Astronomy), Very Large Array (Vla), Apertures, Fourier Transformation, Image Processing, Image Reconstruction, Sky Brightness},
     year = 1992,
    month = jul,
   volume = 261,
    pages = {353-364},
   adsurl = {http://ads.nao.ac.jp/abs/1992A%26A...261..353C},
  adsnote = {Provided by the SAO/NASA Astrophysics Data System}
}

@ARTICLE{2014arXiv1409.6125K,
   author = {{Keane}, E.~F. and {Petroff}, E.},
    title = "{Fast radio bursts: search sensitivities and completeness}",
  journal = {ArXiv e-prints},
archivePrefix = "arXiv",
   eprint = {1409.6125},
 primaryClass = "astro-ph.HE",
 keywords = {Astrophysics - High Energy Astrophysical Phenomena, Astrophysics - Cosmology and Nongalactic Astrophysics, Astrophysics - Solar and Stellar Astrophysics},
     year = 2014,
    month = sep,
   adsurl = {http://adsabs.harvard.edu/abs/2014arXiv1409.6125K},
  adsnote = {Provided by the SAO/NASA Astrophysics Data System}
}

@ARTICLE{2012ApJ...757...38B,
   author = {{Bannister}, K.~W. and {Murphy}, T. and {Gaensler}, B.~M. and 
{Reynolds}, J.~E.},
    title = "{Limits on Prompt, Dispersed Radio Pulses from Gamma-Ray Bursts}",
  journal = {\apj},
archivePrefix = "arXiv",
   eprint = {1207.6399},
 primaryClass = "astro-ph.HE",
 keywords = {gamma-ray burst: general},
     year = 2012,
    month = sep,
   volume = 757,
      eid = {38},
    pages = {38},
      doi = {10.1088/0004-637X/757/1/38},
   adsurl = {http://adsabs.harvard.edu/abs/2012ApJ...757...38B},
  adsnote = {Provided by the SAO/NASA Astrophysics Data System}
}

@ARTICLE{2014ApJ...790...63P,
   author = {{Palaniswamy}, D. and {Wayth}, R.~B. and {Trott}, C.~M. and 
{McCallum}, J.~N. and {Tingay}, S.~J. and {Reynolds}, C.},
    title = "{A Search for Fast Radio Bursts Associated with Gamma-Ray Bursts}",
  journal = {\apj},
archivePrefix = "arXiv",
   eprint = {1406.1850},
 primaryClass = "astro-ph.HE",
 keywords = {gamma-ray burst: general, methods: statistical },
     year = 2014,
    month = jul,
   volume = 790,
      eid = {63},
    pages = {63},
      doi = {10.1088/0004-637X/790/1/63},
   adsurl = {http://adsabs.harvard.edu/abs/2014ApJ...790...63P},
  adsnote = {Provided by the SAO/NASA Astrophysics Data System}
}

@INPROCEEDINGS{2007ASPC..376..127M,
   author = {{McMullin}, J.~P. and {Waters}, B. and {Schiebel}, D. and {Young}, W. and 
            {Golap}, K.},
    title = "{CASA Architecture and Applications}",
booktitle = {Astronomical Data Analysis Software and Systems XVI},
     year = 2007,
   series = {Astronomical Society of the Pacific Conference Series},
   volume = 376,
   editor = {{Shaw}, R.~A. and {Hill}, F. and {Bell}, D.~J.},
    month = oct,
    pages = {127},
   adsurl = {http://adsabs.harvard.edu/abs/2007ASPC..376..127M},
  adsnote = {Provided by the SAO/NASA Astrophysics Data System}
}

@ARTICLE{2014ApJ...792...19B,
   author = {{Burke-Spolaor}, S. and {Bannister}, K.~W.},
    title = "{The Galactic Position Dependence of Fast Radio Bursts and the Discovery of FRB011025}",
  journal = {\apj},
archivePrefix = "arXiv",
   eprint = {1407.0400},
 primaryClass = "astro-ph.HE",
 keywords = {pulsars: general, radio continuum: general },
     year = 2014,
    month = sep,
   volume = 792,
      eid = {19},
    pages = {19},
      doi = {10.1088/0004-637X/792/1/19},
   adsurl = {http://adsabs.harvard.edu/abs/2014ApJ...792...19B},
  adsnote = {Provided by the SAO/NASA Astrophysics Data System}
}

@ARTICLE{2014ApJ...795...19S,
   author = {{Saint-Hilaire}, P. and {Benz}, A.~O. and {Monstein}, C.},
    title = "{Short-duration Radio Bursts with Apparent Extragalactic Dispersion}",
  journal = {\apj},
archivePrefix = "arXiv",
   eprint = {1402.0664},
 primaryClass = "astro-ph.HE",
 keywords = {intergalactic medium, radio continuum: general, surveys},
     year = 2014,
    month = nov,
   volume = 795,
      eid = {19},
    pages = {19},
      doi = {10.1088/0004-637X/795/1/19},
   adsurl = {http://adsabs.harvard.edu/abs/2014ApJ...795...19S},
  adsnote = {Provided by the SAO/NASA Astrophysics Data System}
}

@ARTICLE{2014MNRAS.439L..46L,
   author = {{Loeb}, A. and {Shvartzvald}, Y. and {Maoz}, D.},
    title = "{Fast radio bursts may originate from nearby flaring stars}",
  journal = {\mnras},
archivePrefix = "arXiv",
   eprint = {1310.2419},
 primaryClass = "astro-ph.HE",
 keywords = {stars: coronae, stars: flare, radio continuum: stars},
     year = 2014,
    month = mar,
   volume = 439,
    pages = {L46-L50},
      doi = {10.1093/mnrasl/slt177},
   adsurl = {http://adsabs.harvard.edu/abs/2014MNRAS.439L..46L},
  adsnote = {Provided by the SAO/NASA Astrophysics Data System}
}

@ARTICLE{2014MNRAS.443L..11D,
   author = {{Dennison}, B.},
    title = "{Fast radio bursts: constraints on the dispersing medium}",
  journal = {\mnras},
archivePrefix = "arXiv",
   eprint = {1403.2263},
 primaryClass = "astro-ph.HE",
 keywords = {stars: flare, large-scale structure of Universe, radio continuum: general},
     year = 2014,
    month = sep,
   volume = 443,
    pages = {L11-L14},
      doi = {10.1093/mnrasl/slu072},
   adsurl = {http://adsabs.harvard.edu/abs/2014MNRAS.443L..11D},
  adsnote = {Provided by the SAO/NASA Astrophysics Data System}
}

@ARTICLE{2014arXiv1405.5945P,
   author = {{Petroff}, E. and {van Straten}, W. and {Johnston}, S. and {Bailes}, M. and 
	{Barr}, E.~D. and {Bates}, S.~D. and {Bhat}, N.~D.~R. and {Burgay}, M. and 
	{Burke-Spolaor}, S. and {Champion}, D. and {Coster}, P. and 
	{Flynn}, C. and {Keane}, E.~F. and {Keith}, M.~J. and {Kramer}, M. and 
	{Levin}, L. and {Ng}, C. and {Possenti}, A. and {Stappers}, B.~W. and 
	{Tiburzi}, C. and {Thornton}, D.},
    title = "{An absence of fast radio bursts at intermediate galactic latitudes}",
  journal = {ArXiv e-prints},
archivePrefix = "arXiv",
   eprint = {1405.5945},
 primaryClass = "astro-ph.HE",
 keywords = {Astrophysics - High Energy Astrophysical Phenomena},
     year = 2014,
    month = may,
   adsurl = {http://adsabs.harvard.edu/abs/2014arXiv1405.5945P},
  adsnote = {Provided by the SAO/NASA Astrophysics Data System}
}

@ARTICLE{2006ChJAS...6b.204S,
   author = {{Stinebring}, D.~R.},
    title = "{Scintillation Arcs: Probing Turbulence and Structure in the ISM}",
  journal = {Chinese Journal of Astronomy and Astrophysics Supplement},
 keywords = {ISM, pulsars: individual (B0355+54, B1133+16, B1642-03, B1737+13, B1933+16), pulsars: general, scattering},
     year = 2006,
    month = dec,
   volume = 6,
   number = 2,
    pages = {020000-210},
   adsurl = {http://adsabs.harvard.edu/abs/2006ChJAS...6b.204S},
  adsnote = {Provided by the SAO/NASA Astrophysics Data System}
}

@ARTICLE{1995MNRAS.273..411L,
   author = {{Lorimer}, D.~R. and {Yates}, J.~A. and {Lyne}, A.~G. and {Gould}, D.~M.
	},
    title = "{Multifrequency flux density measurements of 280 pulsars}",
  journal = {\mnras},
 keywords = {PULSARS: GENERAL, RADIO CONTINUUM: STARS},
     year = 1995,
    month = mar,
   volume = 273,
    pages = {411-421},
   adsurl = {http://adsabs.harvard.edu/abs/1995MNRAS.273..411L},
  adsnote = {Provided by the SAO/NASA Astrophysics Data System}
}

@ARTICLE{2009IEEEP..97.1448P,
   author = {{Perley}, R. and {Napier}, P. and {Jackson}, J. and {Butler}, B. and 
	{Carlson}, B. and {Fort}, D. and {Dewdney}, P. and {Clark}, B. and 
	{Hayward}, R. and {Durand}, S. and {Revnell}, M. and {McKinnon}, M.
	},
    title = "{The Expanded Very Large Array}",
  journal = {IEEE Proceedings},
archivePrefix = "arXiv",
   eprint = {0909.1585},
 primaryClass = "astro-ph.IM",
 keywords = {Aperture synthesis, corrugated feed horns, digital correlator, digital data transmission, frequency synthesizers, IF down-converters, low-noise amplifiers, low-noise receivers, orthomode transducers, radio astronomy, radio telescope, wide-band RF systems},
     year = 2009,
    month = aug,
   volume = 97,
    pages = {1448-1462},
      doi = {10.1109/JPROC.2009.2015470},
   adsurl = {http://adsabs.harvard.edu/abs/2009IEEEP..97.1448P},
  adsnote = {Provided by the SAO/NASA Astrophysics Data System}
}

@ARTICLE{1997Natur.387..878M,
   author = {{Metzger}, M.~R. and {Djorgovski}, S.~G. and {Kulkarni}, S.~R. and 
	{Steidel}, C.~C. and {Adelberger}, K.~L. and {Frail}, D.~A. and 
	{Costa}, E. and {Frontera}, F.},
    title = "{Spectral constraints on the redshift of the optical counterpart to the {$\gamma$}-ray burst of 8 May 1997}",
  journal = {\nat},
     year = 1997,
    month = jun,
   volume = 387,
    pages = {878-880},
      doi = {10.1038/43132},
   adsurl = {http://adsabs.harvard.edu/abs/1997Natur.387..878M},
  adsnote = {Provided by the SAO/NASA Astrophysics Data System}
}

@ARTICLE{2014ApJ...783L..35D,
   author = {{Deng}, W. and {Zhang}, B.},
    title = "{Cosmological Implications of Fast Radio Burst/Gamma-Ray Burst Associations}",
  journal = {\apjl},
archivePrefix = "arXiv",
   eprint = {1401.0059},
 primaryClass = "astro-ph.HE",
 keywords = {dark ages, reionization, first stars, gamma-ray burst: general },
     year = 2014,
    month = mar,
   volume = 783,
      eid = {L35},
    pages = {L35},
      doi = {10.1088/2041-8205/783/2/L35},
   adsurl = {http://adsabs.harvard.edu/abs/2014ApJ...783L..35D},
  adsnote = {Provided by the SAO/NASA Astrophysics Data System}
}

@ARTICLE{2014arXiv1402.2498G,
   author = {{Gao}, H. and {Li}, Z. and {Zhang}, B.},
    title = "{Fast Radio Burst/Gamma-Ray Burst Cosmography}",
  journal = {ArXiv e-prints},
archivePrefix = "arXiv",
   eprint = {1402.2498},
 primaryClass = "astro-ph.CO",
 keywords = {Astrophysics - Cosmology and Extragalactic Astrophysics},
     year = 2014,
    month = feb,
   adsurl = {http://adsabs.harvard.edu/abs/2014arXiv1402.2498G},
  adsnote = {Provided by the SAO/NASA Astrophysics Data System}
}

@ARTICLE{2012MNRAS.425.2501B,
   author = {{Bagchi}, M. and {Nieves}, A.~C. and {McLaughlin}, M.},
    title = "{A search for dispersed radio bursts in archival Parkes Multibeam Pulsar Survey data}",
  journal = {\mnras},
archivePrefix = "arXiv",
   eprint = {1207.2992},
 primaryClass = "astro-ph.HE",
 keywords = {atmospheric effects, methods: data analysis, surveys, pulsars: general, ISM: general, radio continuum: ISM},
     year = 2012,
    month = oct,
   volume = 425,
    pages = {2501-2506},
      doi = {10.1111/j.1365-2966.2012.21708.x},
   adsurl = {http://adsabs.harvard.edu/abs/2012MNRAS.425.2501B},
  adsnote = {Provided by the SAO/NASA Astrophysics Data System}
}

@ARTICLE{2014ApJ...797...70K,
   author = {{Kulkarni}, S.~R. and {Ofek}, E.~O. and {Neill}, J.~D. and {Zheng}, Z. and 
	{Juric}, M.},
    title = "{Giant Sparks at Cosmological Distances?}",
  journal = {\apj},
archivePrefix = "arXiv",
   eprint = {1402.4766},
 primaryClass = "astro-ph.HE",
 keywords = {galaxies: individual: SMC, ISM: general, pulsars: general, radio continuum: general },
     year = 2014,
    month = dec,
   volume = 797,
      eid = {70},
    pages = {70},
      doi = {10.1088/0004-637X/797/1/70},
   adsurl = {http://adsabs.harvard.edu/abs/2014ApJ...797...70K},
  adsnote = {Provided by the SAO/NASA Astrophysics Data System}
}

@ARTICLE{2012MNRAS.420..271K,
   author = {{Kocz}, J. and {Bailes}, M. and {Barnes}, D. and {Burke-Spolaor}, S. and 
	{Levin}, L.},
    title = "{Enhanced pulsar and single pulse detection via automated radio frequency interference detection in multipixel feeds}",
  journal = {\mnras},
 keywords = {instrumentation: miscellaneous, methods: numerical, pulsars: general},
     year = 2012,
    month = feb,
   volume = 420,
    pages = {271-278},
      doi = {10.1111/j.1365-2966.2011.20029.x},
   adsurl = {http://adsabs.harvard.edu/abs/2012MNRAS.420..271K},
  adsnote = {Provided by the SAO/NASA Astrophysics Data System}
}

@ARTICLE{2014ApJ...790..101S,
   author = {{Spitler}, L.~G. and {Cordes}, J.~M. and {Hessels}, J.~W.~T. and 
	{Lorimer}, D.~R. and {McLaughlin}, M.~A. and {Chatterjee}, S. and 
	{Crawford}, F. and {Deneva}, J.~S. and {Kaspi}, V.~M. and {Wharton}, R.~S. and 
	{Allen}, B. and {Bogdanov}, S. and {Brazier}, A. and {Camilo}, F. and 
	{Freire}, P.~C.~C. and {Jenet}, F.~A. and {Karako-Argaman}, C. and 
	{Knispel}, B. and {Lazarus}, P. and {Lee}, K.~J. and {van Leeuwen}, J. and 
	{Lynch}, R. and {Ransom}, S.~M. and {Scholz}, P. and {Siemens}, X. and 
	{Stairs}, I.~H. and {Stovall}, K. and {Swiggum}, J.~K. and {Venkataraman}, A. and 
	{Zhu}, W.~W. and {Aulbert}, C. and {Fehrmann}, H.},
    title = "{Fast Radio Burst Discovered in the Arecibo Pulsar ALFA Survey}",
  journal = {\apj},
archivePrefix = "arXiv",
   eprint = {1404.2934},
 primaryClass = "astro-ph.HE",
 keywords = {pulsars: general},
     year = 2014,
    month = aug,
   volume = 790,
      eid = {101},
    pages = {101},
      doi = {10.1088/0004-637X/790/2/101},
   adsurl = {http://adsabs.harvard.edu/abs/2014ApJ...790..101S},
  adsnote = {Provided by the SAO/NASA Astrophysics Data System}
}

@ARTICLE{1973ApJ...182L..85K,
   author = {{Klebesadel}, R.~W. and {Strong}, I.~B. and {Olson}, R.~A.},
    title = "{Observations of Gamma-Ray Bursts of Cosmic Origin}",
  journal = {\apjl},
     year = 1973,
    month = jun,
   volume = 182,
    pages = {L85},
      doi = {10.1086/181225},
   adsurl = {http://adsabs.harvard.edu/abs/1973ApJ...182L..85K},
  adsnote = {Provided by the SAO/NASA Astrophysics Data System}
}

@ARTICLE{2009PASP..121.1395L,
   author = {{Law}, N.~M. and {Kulkarni}, S.~R. and {Dekany}, R.~G. and {Ofek}, E.~O. and 
	{Quimby}, R.~M. and {Nugent}, P.~E. and {Surace}, J. and {Grillmair}, C.~C. and 
	{Bloom}, J.~S. and {Kasliwal}, M.~M. and {Bildsten}, L. and 
	{Brown}, T. and {Cenko}, S.~B. and {Ciardi}, D. and {Croner}, E. and 
	{Djorgovski}, S.~G. and {van Eyken}, J. and {Filippenko}, A.~V. and 
	{Fox}, D.~B. and {Gal-Yam}, A. and {Hale}, D. and {Hamam}, N. and 
	{Helou}, G. and {Henning}, J. and {Howell}, D.~A. and {Jacobsen}, J. and 
	{Laher}, R. and {Mattingly}, S. and {McKenna}, D. and {Pickles}, A. and 
	{Poznanski}, D. and {Rahmer}, G. and {Rau}, A. and {Rosing}, W. and 
	{Shara}, M. and {Smith}, R. and {Starr}, D. and {Sullivan}, M. and 
	{Velur}, V. and {Walters}, R. and {Zolkower}, J.},
    title = "{The Palomar Transient Factory: System Overview, Performance, and First Results}",
  journal = {\pasp},
archivePrefix = "arXiv",
   eprint = {0906.5350},
 primaryClass = "astro-ph.IM",
 keywords = {Astronomical Techniques},
     year = 2009,
    month = dec,
   volume = 121,
    pages = {1395-1408},
      doi = {10.1086/648598},
   adsurl = {http://adsabs.harvard.edu/abs/2009PASP..121.1395L},
  adsnote = {Provided by the SAO/NASA Astrophysics Data System}
}

@INPROCEEDINGS{2002SPIE.4836...10T,
   author = {{Tyson}, J.~A.},
    title = "{Large Synoptic Survey Telescope: Overview}",
booktitle = {Survey and Other Telescope Technologies and Discoveries},
     year = 2002,
   series = {Society of Photo-Optical Instrumentation Engineers (SPIE) Conference Series},
   volume = 4836,
   eprint = {astro-ph/0302102},
   editor = {{Tyson}, J.~A. and {Wolff}, S.},
    month = dec,
    pages = {10-20},
      doi = {10.1117/12.456772},
   adsurl = {http://adsabs.harvard.edu/abs/2002SPIE.4836...10T},
  adsnote = {Provided by the SAO/NASA Astrophysics Data System}
}

@ARTICLE{2002AJ....123.1111B,
   author = {{Bloom}, J.~S. and {Kulkarni}, S.~R. and {Djorgovski}, S.~G.
	},
    title = "{The Observed Offset Distribution of Gamma-Ray Bursts from Their Host Galaxies: A Robust Clue to the Nature of the Progenitors}",
  journal = {\aj},
   eprint = {astro-ph/0010176},
 keywords = {Astrometry, Cosmology: Miscellaneous, Cosmology: Observations, Gamma Rays, Methods: Statistical},
     year = 2002,
    month = mar,
   volume = 123,
    pages = {1111-1148},
      doi = {10.1086/338893},
   adsurl = {http://adsabs.harvard.edu/abs/2002AJ....123.1111B},
  adsnote = {Provided by the SAO/NASA Astrophysics Data System}
}

@ARTICLE{2006AJ....132..926C,
   author = {{Coe}, D. and {Ben{\'{\i}}tez}, N. and {S{\'a}nchez}, S.~F. and 
	{Jee}, M. and {Bouwens}, R. and {Ford}, H.},
    title = "{Galaxies in the Hubble Ultra Deep Field. I. Detection, Multiband Photometry, Photometric Redshifts, and Morphology}",
  journal = {\aj},
   eprint = {astro-ph/0605262},
 keywords = {Cosmology: Observations, Galaxies: Distances and Redshifts, Galaxies: Evolution, Galaxies: Photometry, Galaxies: Statistics, Galaxies: Structure},
     year = 2006,
    month = aug,
   volume = 132,
    pages = {926-959},
      doi = {10.1086/505530},
   adsurl = {http://adsabs.harvard.edu/abs/2006AJ....132..926C},
  adsnote = {Provided by the SAO/NASA Astrophysics Data System}
}

@ARTICLE{2005Natur.434...50H,
   author = {{Hyman}, S.~D. and {Lazio}, T.~J.~W. and {Kassim}, N.~E. and 
  {Ray}, P.~S. and {Markwardt}, C.~B. and {Yusef-Zadeh}, F.},
    title = "{A powerful bursting radio source towards the Galactic Centre}",
  journal = {\nat},
   eprint = {astro-ph/0503052},
     year = 2005,
    month = mar,
   volume = 434,
    pages = {50-52},
      doi = {10.1038/nature03400},
   adsurl = {http://adsabs.harvard.edu/abs/2005Natur.434...50H},
  adsnote = {Provided by the SAO/NASA Astrophysics Data System}
}

@ARTICLE{1963Natur.198..228L,
   author = {{Lovell}, B.},
    title = "{Radio Emission from Flare Stars}",
  journal = {\nat},
     year = 1963,
    month = apr,
   volume = 198,
    pages = {228-230},
      doi = {10.1038/198228a0},
   adsurl = {http://adsabs.harvard.edu/abs/1963Natur.198..228L},
  adsnote = {Provided by the SAO/NASA Astrophysics Data System}
}

@ARTICLE{2007AsBio...7...30T,
   author = {{Tarter}, J.~C. and {Backus}, P.~R. and {Mancinelli}, R.~L. and 
   {Aurnou}, J.~M. and {Backman}, D.~E. and {Basri}, G.~S.},
    title = "{A Reappraisal of The Habitability of Planets around M Dwarf Stars}",
  journal = {Astrobiology},
   eprint = {astro-ph/0609799},
     year = 2007,
    month = mar,
   volume = 7,
    pages = {30-65},
      doi = {10.1089/ast.2006.0124},
   adsurl = {http://adsabs.harvard.edu/abs/2007AsBio...7...30T},
  adsnote = {Provided by the SAO/NASA Astrophysics Data System}
}

@ARTICLE{2008ApJ...684..644H,
   author = {{Hallinan}, G. and {Antonova}, A. and {Doyle}, J.~G. and {Bourke}, S. and 
   {Lane}, C. and {Golden}, A.},
    title = "{Confirmation of the Electron Cyclotron Maser Instability as the Dominant Source of Radio Emission from Very Low Mass Stars and Brown Dwarfs}",
  journal = {\apj},
archivePrefix = "arXiv",
   eprint = {0805.4010},
 keywords = {Stars: Pulsars: General, Radiation Mechanisms: Nonthermal, Radio Continuum: Stars, Stars: Activity, Stars: Low-Mass, Brown Dwarfs, Stars: Magnetic Fields},
     year = 2008,
    month = sep,
   volume = 684,
    pages = {644-653},
      doi = {10.1086/590360},
   adsurl = {http://adsabs.harvard.edu/abs/2008ApJ...684..644H},
  adsnote = {Provided by the SAO/NASA Astrophysics Data System}
}

@ARTICLE{2013A&A...549A.131A,
   author = {{Antonova}, A. and {Hallinan}, G. and {Doyle}, J.~G. and {Yu}, S. and 
   {Kuznetsov}, A. and {Metodieva}, Y. and {Golden}, A. and {Cruz}, K.~L.
   },
    title = "{Volume-limited radio survey of ultracool dwarfs}",
  journal = {\aap},
archivePrefix = "arXiv",
   eprint = {1212.3464},
 primaryClass = "astro-ph.SR",
 keywords = {stars: low-mass, brown dwarfs, radiation mechanisms: general, radio continuum: stars, masers},
     year = 2013,
    month = jan,
   volume = 549,
      eid = {A131},
    pages = {A131},
      doi = {10.1051/0004-6361/201118583},
   adsurl = {http://adsabs.harvard.edu/abs/2013A%26A...549A.131A},
  adsnote = {Provided by the SAO/NASA Astrophysics Data System}
}

@ARTICLE{2011MNRAS.416.2465B,
   author = {{Burke-Spolaor}, S. and {Bailes}, M. and {Johnston}, S. and 
  {Bates}, S.~D. and {Bhat}, N.~D.~R. and {Burgay}, M. and {D'Amico}, N. and
  {Jameson}, A. and {Keith}, M.~J. and {Kramer}, M. and {Levin}, L. and
  {Milia}, S. and {Possenti}, A. and {Stappers}, B. and {van Straten}, W.
},
    title = "{The High Time Resolution Universe Pulsar Survey - III. Single-pulse searches and preliminary analysis}",
  journal = {\mnras},
archivePrefix = "arXiv",
   eprint = {1102.4111},
 primaryClass = "astro-ph.SR",
 keywords = {methods: data analysis, surveys, stars: neutron, pulsars: general},
     year = 2011,
    month = oct,
   volume = 416,
    pages = {2465-2476},
      doi = {10.1111/j.1365-2966.2011.18521.x},
   adsurl = {http://adsabs.harvard.edu/abs/2011MNRAS.416.2465B},
  adsnote = {Provided by the SAO/NASA Astrophysics Data System}
}

@ARTICLE{2013MNRAS.428.2857R,
   author = {{Rubio-Herrera}, E. and {Stappers}, B.~W. and {Hessels}, J.~W.~T. and 
  {Braun}, R.},
    title = "{A search for radio pulsars and fast transients in M31 using the Westerbork Synthesis Radio Telescope}",
  journal = {\mnras},
 keywords = {stars: neutron, pulsars: general, galaxies: individual: M31, galaxies: stellar content},
     year = 2013,
    month = feb,
   volume = 428,
    pages = {2857-2873},
      doi = {10.1093/mnras/sts205},
   adsurl = {http://adsabs.harvard.edu/abs/2013MNRAS.428.2857R},
  adsnote = {Provided by the SAO/NASA Astrophysics Data System}
}

@ARTICLE{2013ApJ...762...94D,
   author = {{Demorest}, P.~B. and {Ferdman}, R.~D. and {Gonzalez}, M.~E. and 
  {Nice}, D. and {Ransom}, S. and {Stairs}, I.~H. and {Arzoumanian}, Z. and 
  {Brazier}, A. and {Burke-Spolaor}, S. and {Chamberlin}, S.~J.
  {Cordes}, J.~M. and {Ellis}, J. and {Finn}, L.~S. and {Freire}, P. and 
  {Giampanis}, S. and {Jenet}, F. and {Kaspi}, V.~M. and {Lazio}, J. and 
  {Lommen}, A.~N. and {McLaughlin}, M. and {Palliyaguru}, N. and
  {Perrodin}, D. and {Shannon}, R.~M. and {Siemens}, X. and {Stinebring}, D. and
  {Swiggum}, J. and {Zhu}, W.~W.},
    title = "{Limits on the Stochastic Gravitational Wave Background from the North American Nanohertz Observatory for Gravitational Waves}",
  journal = {\apj},
archivePrefix = "arXiv",
   eprint = {1201.6641},
 primaryClass = "astro-ph.CO",
 keywords = {gravitational waves, methods: data analysis, pulsars: general, pulsars: individual: J0030+0451 J0613-0200 J1012+5307 J1455-3330 J1600-3053 J1640+2224 J1643-1224 J1713+0747 J1744-1134 J1853+1308 B1855+09 J1909-3744 J1910+1256 J1918-0642 B1953+29 J2145-0750 J2317+1439},
     year = 2013,
    month = jan,
   volume = 762,
      eid = {94},
    pages = {94},
      doi = {10.1088/0004-637X/762/2/94},
   adsurl = {http://adsabs.harvard.edu/abs/2013ApJ...762...94D},
  adsnote = {Provided by the SAO/NASA Astrophysics Data System}
}

@ARTICLE{2013ApJ...776L..39K,
   author = {{Kashiyama}, K. and {Ioka}, K. and {M{\'e}sz{\'a}ros}, P.},
    title = "{Cosmological Fast Radio Bursts from Binary White Dwarf Mergers}",
  journal = {\apjl},
archivePrefix = "arXiv",
   eprint = {1307.7708},
 primaryClass = "astro-ph.HE",
 keywords = {binaries: general, radio continuum: general, white dwarfs },
     year = 2013,
    month = oct,
   volume = 776,
      eid = {L39},
    pages = {L39},
      doi = {10.1088/2041-8205/776/2/L39},
   adsurl = {http://adsabs.harvard.edu/abs/2013ApJ...776L..39K},
  adsnote = {Provided by the SAO/NASA Astrophysics Data System}
}

@ARTICLE{2013PASJ...65L..12T,
   author = {{Totani}, T.},
    title = "{Cosmological Fast Radio Bursts from Binary Neutron Star Mergers}",
  journal = {\pasj},
archivePrefix = "arXiv",
   eprint = {1307.4985},
 primaryClass = "astro-ph.HE",
 keywords = {gravitational waves, radio continuum: general, stars: binaries: general, stars: neutron},
     year = 2013,
    month = oct,
   volume = 65,
    pages = {L12},
   adsurl = {http://adsabs.harvard.edu/abs/2013PASJ...65L..12T},
  adsnote = {Provided by the SAO/NASA Astrophysics Data System}
}

@ARTICLE{2013ApJ...762...20F,
   author = {{Fang}, T. and {Bullock}, J. and {Boylan-Kolchin}, M.},
    title = "{On the Hot Gas Content of the Milky Way Halo}",
  journal = {\apj},
archivePrefix = "arXiv",
   eprint = {1211.0758},
 primaryClass = "astro-ph.CO",
 keywords = {Galaxy: halo, X-rays: diffuse background},
     year = 2013,
    month = jan,
   volume = 762,
      eid = {20},
    pages = {20},
      doi = {10.1088/0004-637X/762/1/20},
   adsurl = {http://adsabs.harvard.edu/abs/2013ApJ...762...20F},
  adsnote = {Provided by the SAO/NASA Astrophysics Data System}
}

@ARTICLE{1999ApJ...512..288T,
   author = {{Thorsett}, S.~E. and {Chakrabarty}, D.},
    title = "{Neutron Star Mass Measurements. I. Radio Pulsars}",
  journal = {\apj},
   eprint = {astro-ph/9803260},
 keywords = {STARS: BINARIES: CLOSE, STARS: PULSARS: GENERAL, STARS: FUNDAMENTAL PARAMETERS, STARS: NEUTRON},
     year = 1999,
    month = feb,
   volume = 512,
    pages = {288-299},
      doi = {10.1086/306742},
   adsurl = {http://adsabs.harvard.edu/abs/1999ApJ...512..288T},
  adsnote = {Provided by the SAO/NASA Astrophysics Data System}
}

@ARTICLE{1992Natur.355..145W,
   author = {{Wolszczan}, A. and {Frail}, D.~A.},
    title = "{A planetary system around the millisecond pulsar PSR1257 + 12}",
  journal = {\nat},
 keywords = {BINARY STARS, EXTRASOLAR PLANETS, ORBITAL MECHANICS, PLANETARY SYSTEMS, PULSARS, ACCRETION DISKS, LEAST SQUARES METHOD, NEUTRON STARS, RADIO ASTRONOMY, SUPERNOVA REMNANTS},
     year = 1992,
    month = jan,
   volume = 355,
    pages = {145-147},
      doi = {10.1038/355145a0},
   adsurl = {http://adsabs.harvard.edu/abs/1992Natur.355..145W},
  adsnote = {Provided by the SAO/NASA Astrophysics Data System}
}

@ARTICLE{2003ApJ...599.1260C,
   author = {{Colpi}, M. and {Mapelli}, M. and {Possenti}, A.},
    title = "{Probing the Presence of a Single or Binary Black Hole in the Globular Cluster NGC 6752 with Pulsar Dynamics}",
  journal = {\apj},
   eprint = {astro-ph/0309017},
 keywords = {Black Hole Physics, Galaxy: Globular Clusters: General, Stars: Pulsars: General, Stars: Neutron},
     year = 2003,
    month = dec,
   volume = 599,
    pages = {1260-1271},
      doi = {10.1086/379543},
   adsurl = {http://adsabs.harvard.edu/abs/2003ApJ...599.1260C},
  adsnote = {Provided by the SAO/NASA Astrophysics Data System}
}
@ARTICLE{2009Sci...324.1411A,
   author = {{Archibald}, A.~M. and {Stairs}, I.~H. and {Ransom}, S.~M. and 
	{Kaspi}, V.~M. and {Kondratiev}, V.~I. and {Lorimer}, D.~R. and 
	{McLaughlin}, M.~A. and {Boyles}, J. and {Hessels}, J.~W.~T. and 
	{Lynch}, R. and {van Leeuwen}, J. and {Roberts}, M.~S.~E. and 
	{Jenet}, F. and {Champion}, D.~J. and {Rosen}, R. and {Barlow}, B.~N. and 
	{Dunlap}, B.~H. and {Remillard}, R.~A.},
    title = "{A Radio Pulsar/X-ray Binary Link}",
  journal = {Science},
archivePrefix = "arXiv",
   eprint = {0905.3397},
 primaryClass = "astro-ph.HE",
     year = 2009,
    month = jun,
   volume = 324,
    pages = {1411-},
      doi = {10.1126/science.1172740},
   adsurl = {http://adsabs.harvard.edu/abs/2009Sci...324.1411A},
  adsnote = {Provided by the SAO/NASA Astrophysics Data System}
}

@ARTICLE{2010ApJ...721L..33L,
   author = {{Levin}, L. and {Bailes}, M. and {Bates}, S. and {Bhat}, N.~D.~R. and 
	{Burgay}, M. and {Burke-Spolaor}, S. and {D'Amico}, N. and {Johnston}, S. and 
	{Keith}, M. and {Kramer}, M. and {Milia}, S. and {Possenti}, A. and 
	{Rea}, N. and {Stappers}, B. and {van Straten}, W.},
    title = "{A Radio-loud Magnetar in X-ray Quiescence}",
  journal = {\apjl},
archivePrefix = "arXiv",
   eprint = {1007.1052},
 primaryClass = "astro-ph.HE",
 keywords = {pulsars: individual: 1E 1547.0{\ndash}5408 PSR J1622{\ndash}4950 XTE J1810{\ndash}197, stars: magnetars, stars: neutron},
     year = 2010,
    month = sep,
   volume = 721,
    pages = {L33-L37},
      doi = {10.1088/2041-8205/721/1/L33},
   adsurl = {http://adsabs.harvard.edu/abs/2010ApJ...721L..33L},
  adsnote = {Provided by the SAO/NASA Astrophysics Data System}
}

@ARTICLE{2006ApJ...637..446C,
   author = {{Cordes}, J.~M. and {Freire}, P.~C.~C. and {Lorimer}, D.~R. and 
	{Camilo}, F. and {Champion}, D.~J. and {Nice}, D.~J. and {Ramachandran}, R. and 
	{Hessels}, J.~W.~T. and {Vlemmings}, W. and {van Leeuwen}, J. and 
	{Ransom}, S.~M. and {Bhat}, N.~D.~R. and {Arzoumanian}, Z. and 
	{McLaughlin}, M.~A. and {Kaspi}, V.~M. and {Kasian}, L. and 
	{Deneva}, J.~S. and {Reid}, B. and {Chatterjee}, S. and {Han}, J.~L. and 
	{Backer}, D.~C. and {Stairs}, I.~H. and {Deshpande}, A.~A. and 
	{Faucher-Gigu{\`e}re}, C.-A.},
    title = "{Arecibo Pulsar Survey Using ALFA. I. Survey Strategy and First Discoveries}",
  journal = {\apj},
   eprint = {astro-ph/0509732},
 keywords = {Stars: Pulsars: General, pulsars: individual (PSR J0628+09), pulsars: individual (PSR J1906+07), pulsars: individual (PSR J1928+1746), Surveys},
     year = 2006,
    month = jan,
   volume = 637,
    pages = {446-455},
      doi = {10.1086/498335},
   adsurl = {http://adsabs.harvard.edu/abs/2006ApJ...637..446C},
  adsnote = {Provided by the SAO/NASA Astrophysics Data System}
}

@ARTICLE{2010MNRAS.409..619K,
   author = {{Keith}, M.~J. and {Jameson}, A. and {van Straten}, W. and {Bailes}, M. and 
	{Johnston}, S. and {Kramer}, M. and {Possenti}, A. and {Bates}, S.~D. and 
	{Bhat}, N.~D.~R. and {Burgay}, M. and {Burke-Spolaor}, S. and 
	{D'Amico}, N. and {Levin}, L. and {McMahon}, P.~L. and {Milia}, S. and 
	{Stappers}, B.~W.},
    title = "{The High Time Resolution Universe Pulsar Survey - I. System configuration and initial discoveries}",
  journal = {\mnras},
archivePrefix = "arXiv",
   eprint = {1006.5744},
 primaryClass = "astro-ph.HE",
 keywords = {pulsars: general},
     year = 2010,
    month = dec,
   volume = 409,
    pages = {619-627},
      doi = {10.1111/j.1365-2966.2010.17325.x},
   adsurl = {http://adsabs.harvard.edu/abs/2010MNRAS.409..619K},
  adsnote = {Provided by the SAO/NASA Astrophysics Data System}
}

@ARTICLE{2013Sci...341...53T,
   author = {{Thornton}, D. and {Stappers}, B. and {Bailes}, M. and {Barsdell}, B. and 
	{Bates}, S. and {Bhat}, N.~D.~R. and {Burgay}, M. and {Burke-Spolaor}, S. and 
	{Champion}, D.~J. and {Coster}, P. and {D'Amico}, N. and {Jameson}, A. and 
	{Johnston}, S. and {Keith}, M. and {Kramer}, M. and {Levin}, L. and 
	{Milia}, S. and {Ng}, C. and {Possenti}, A. and {van Straten}, W.
	},
    title = "{A Population of Fast Radio Bursts at Cosmological Distances}",
  journal = {Science},
archivePrefix = "arXiv",
   eprint = {1307.1628},
 primaryClass = "astro-ph.HE",
     year = 2013,
    month = jul,
   volume = 341,
    pages = {53-56},
      doi = {10.1126/science.1236789},
   adsurl = {http://adsabs.harvard.edu/abs/2013Sci...341...53T},
  adsnote = {Provided by the SAO/NASA Astrophysics Data System}
}

@ARTICLE{2007ARA&A..45..221B,
   author = {{Bregman}, J.~N.},
    title = "{The Search for the Missing Baryons at Low Redshift}",
  journal = {\araa},
archivePrefix = "arXiv",
   eprint = {0706.1787},
     year = 2007,
    month = sep,
   volume = 45,
    pages = {221-259},
      doi = {10.1146/annurev.astro.45.051806.110619},
   adsurl = {http://adsabs.harvard.edu/abs/2007ARA%26A..45..221B},
  adsnote = {Provided by the SAO/NASA Astrophysics Data System}
}

@ARTICLE{2014ApJ...780L..33M,
   author = {{McQuinn}, M.},
    title = "{Locating the ''Missing'' Baryons with Extragalactic Dispersion Measure Estimates}",
  journal = {\apjl},
archivePrefix = "arXiv",
   eprint = {1309.4451},
 keywords = {cosmology: theory, intergalactic medium, large-scale structure of universe, radio continuum: general},
     year = 2014,
    month = jan,
   volume = 780,
      eid = {L33},
    pages = {L33},
      doi = {10.1088/2041-8205/780/2/L33},
   adsurl = {http://adsabs.harvard.edu/abs/2014ApJ...780L..33M},
  adsnote = {Provided by the SAO/NASA Astrophysics Data System}
}

@ARTICLE{2012ApJ...746...48M,
   author = {{Metzger}, B.~D. and {Berger}, E.},
    title = "{What is the Most Promising Electromagnetic Counterpart of a Neutron Star Binary Merger?}",
  journal = {\apj},
archivePrefix = "arXiv",
   eprint = {1108.6056},
 primaryClass = "astro-ph.HE",
 keywords = {gamma-ray burst: general, gravitational waves, stars: neutron, surveys},
     year = 2012,
    month = feb,
   volume = 746,
      eid = {48},
    pages = {48},
      doi = {10.1088/0004-637X/746/1/48},
   adsurl = {http://adsabs.harvard.edu/abs/2012ApJ...746...48M},
  adsnote = {Provided by the SAO/NASA Astrophysics Data System}
}

@ARTICLE{2013ApJ...774L..23B,
   author = {{Berger}, E. and {Fong}, W. and {Chornock}, R.},
    title = "{An r-process Kilonova Associated with the Short-hard GRB 130603B}",
  journal = {\apjl},
archivePrefix = "arXiv",
   eprint = {1306.3960},
 primaryClass = "astro-ph.HE",
 keywords = {gamma-ray burst: general, gamma-ray burst: individual: 130603B},
     year = 2013,
    month = sep,
   volume = 774,
      eid = {L23},
    pages = {L23},
      doi = {10.1088/2041-8205/774/2/L23},
   adsurl = {http://adsabs.harvard.edu/abs/2013ApJ...774L..23B},
  adsnote = {Provided by the SAO/NASA Astrophysics Data System}
}

@ARTICLE{2013MNRAS.430.1061R,
   author = {{Rowlinson}, A. and {O'Brien}, P.~T. and {Metzger}, B.~D. and 
	{Tanvir}, N.~R. and {Levan}, A.~J.},
    title = "{Signatures of magnetar central engines in short GRB light curves}",
  journal = {\mnras},
archivePrefix = "arXiv",
   eprint = {1301.0629},
 primaryClass = "astro-ph.HE",
 keywords = {gamma-ray burst: general, stars: magnetars},
     year = 2013,
    month = apr,
   volume = 430,
    pages = {1061-1087},
      doi = {10.1093/mnras/sts683},
   adsurl = {http://adsabs.harvard.edu/abs/2013MNRAS.430.1061R},
  adsnote = {Provided by the SAO/NASA Astrophysics Data System}
}

@ARTICLE{2008MNRAS.385.1455M,
   author = {{Metzger}, B.~D. and {Quataert}, E. and {Thompson}, T.~A.},
    title = "{Short-duration gamma-ray bursts with extended emission from protomagnetar spin-down}",
  journal = {\mnras},
archivePrefix = "arXiv",
   eprint = {0712.1233},
 keywords = {MHD , stars: neutron , stars: winds, outflows , gamma-rays: bursts},
     year = 2008,
    month = apr,
   volume = 385,
    pages = {1455-1460},
      doi = {10.1111/j.1365-2966.2008.12923.x},
   adsurl = {http://adsabs.harvard.edu/abs/2008MNRAS.385.1455M},
  adsnote = {Provided by the SAO/NASA Astrophysics Data System}
}

@ARTICLE{2013ApJ...764..166D,
   author = {{de Mink}, S.~E. and {Langer}, N. and {Izzard}, R.~G. and {Sana}, H. and 
	{de Koter}, A.},
    title = "{The Rotation Rates of Massive Stars: The Role of Binary Interaction through Tides, Mass Transfer, and Mergers}",
  journal = {\apj},
archivePrefix = "arXiv",
   eprint = {1211.3742},
 primaryClass = "astro-ph.SR",
 keywords = {binaries: close, binaries: spectroscopic, Galaxy: stellar content, stars: early-type, stars: massive, stars: rotation},
     year = 2013,
    month = feb,
   volume = 764,
      eid = {166},
    pages = {166},
      doi = {10.1088/0004-637X/764/2/166},
   adsurl = {http://adsabs.harvard.edu/abs/2013ApJ...764..166D},
  adsnote = {Provided by the SAO/NASA Astrophysics Data System}
}

@ARTICLE{2013arXiv1310.4893Z,
   author = {{Zhang}, B.},
    title = "{A possible FRB/GRB connection: towards a multi-wavelength campaign to unveil the nature of Fast Radio Bursts}",
  journal = {ArXiv e-prints},
archivePrefix = "arXiv",
   eprint = {1310.4893},
 primaryClass = "astro-ph.HE",
 keywords = {Astrophysics - High Energy Astrophysical Phenomena},
     year = 2013,
    month = oct,
   adsurl = {http://adsabs.harvard.edu/abs/2013arXiv1310.4893Z},
  adsnote = {Provided by the SAO/NASA Astrophysics Data System}
}

@ARTICLE{2006Natur.439...45D,
   author = {{Diehl}, R. and {Halloin}, H. and {Kretschmer}, K. and {Lichti}, G.~G. and 
	{Sch{\"o}nfelder}, V. and {Strong}, A.~W. and {von Kienlin}, A. and 
	{Wang}, W. and {Jean}, P. and {Kn{\"o}dlseder}, J. and {Roques}, J.-P. and 
	{Weidenspointner}, G. and {Schanne}, S. and {Hartmann}, D.~H. and 
	{Winkler}, C. and {Wunderer}, C.},
    title = "{Radioactive $^{26}$Al from massive stars in the Galaxy}",
  journal = {\nat},
   eprint = {astro-ph/0601015},
     year = 2006,
    month = jan,
   volume = 439,
    pages = {45-47},
      doi = {10.1038/nature04364},
   adsurl = {http://adsabs.harvard.edu/abs/2006Natur.439...45D},
  adsnote = {Provided by the SAO/NASA Astrophysics Data System}
}

@ARTICLE{2013arXiv1309.4672B,
   author = {{Bower}, G.~C. and {Deller}, A. and {Demorest}, P. and {Brunthaler}, A. and 
	{Eatough}, R. and {Falcke}, H. and {Kramer}, M. and {Lee}, K.~J. and 
	{Spitler}, L.},
    title = "{The Angular Broadening of the Galactic Center Pulsar SGR J1745-29: A New Constraint on the Scattering Medium}",
  journal = {ArXiv e-prints},
archivePrefix = "arXiv",
   eprint = {1309.4672},
 primaryClass = "astro-ph.GA",
 keywords = {Astrophysics - Galaxy Astrophysics, Astrophysics - High Energy Astrophysical Phenomena},
     year = 2013,
    month = sep,
   adsurl = {http://adsabs.harvard.edu/abs/2013arXiv1309.4672B},
  adsnote = {Provided by the SAO/NASA Astrophysics Data System}
}

@ARTICLE{2012ApJ...760..124L,
   author = {{Law}, C.~J. and {Bower}, G.~C. and {Pokorny}, M. and {Rupen}, M.~P. and 
	{Sowinski}, K.},
    title = "{The RRAT Trap: Interferometric Localization of Radio Pulses from J0628+0909}",
  journal = {\apj},
archivePrefix = "arXiv",
   eprint = {1208.6056},
 primaryClass = "astro-ph.GA",
 keywords = {pulsars: individual: J0628+0909, stars: neutron, techniques: interferometric},
     year = 2012,
    month = dec,
   volume = 760,
      eid = {124},
    pages = {124},
      doi = {10.1088/0004-637X/760/2/124},
   adsurl = {http://adsabs.harvard.edu/abs/2012ApJ...760..124L},
  adsnote = {Provided by the SAO/NASA Astrophysics Data System}
}

@ARTICLE{2014A&A...562A.137F,
   author = {{Falcke}, H. and {Rezzolla}, L.},
    title = "{Fast radio bursts: the last sign of supramassive neutron stars}",
  journal = {\aap},
archivePrefix = "arXiv",
   eprint = {1307.1409},
 primaryClass = "astro-ph.HE",
 keywords = {pulsars: general, magnetic fields, gravitation, radiation mechanisms: non-thermal, gamma-ray burst: general, stars: neutron},
     year = 2014,
    month = feb,
   volume = 562,
      eid = {A137},
    pages = {A137},
      doi = {10.1051/0004-6361/201321996},
   adsurl = {http://adsabs.harvard.edu/abs/2014A%26A...562A.137F},
  adsnote = {Provided by the SAO/NASA Astrophysics Data System}
}

@ARTICLE{1978JGR....83.2637K,
   author = {{Kessler}, D.~J. and {Cour-Palais}, B.~G.},
    title = "{Collision frequency of artificial satellites: The creation of a debris belt}",
  journal = {\jgr},
     year = 1978,
    month = jun,
   volume = 83,
    pages = {2637-2646},
      doi = {10.1029/JA083iA06p02637},
   adsurl = {http://adsabs.harvard.edu/abs/1978JGR....83.2637K},
  adsnote = {Provided by the SAO/NASA Astrophysics Data System}
}

@ARTICLE{1975ApJ...195L..51H,
   author = {{Hulse}, R.~A. and {Taylor}, J.~H.},
    title = "{Discovery of a pulsar in a binary system}",
  journal = {\apjl},
 keywords = {BINARY STARS, ORBITAL ELEMENTS, PULSARS, RELATIVISTIC EFFECTS, BLACK HOLES (ASTRONOMY), COMPANION STARS, ECCENTRIC ORBITS, MASS RATIOS, NEUTRON STARS, RADIAL VELOCITY, VELOCITY DISTRIBUTION},
     year = 1975,
    month = jan,
   volume = 195,
    pages = {L51-L53},
      doi = {10.1086/181708},
   adsurl = {http://adsabs.harvard.edu/abs/1975ApJ...195L..51H},
  adsnote = {Provided by the SAO/NASA Astrophysics Data System}
}

@ARTICLE{1998AJ....115.1693C,
   author = {{Condon}, J.~J. and {Cotton}, W.~D. and {Greisen}, E.~W. and 
	{Yin}, Q.~F. and {Perley}, R.~A. and {Taylor}, G.~B. and {Broderick}, J.~J.
	},
    title = "{The NRAO VLA Sky Survey}",
  journal = {\aj},
 keywords = {CATALOGS, METHODS: DATA ANALYSIS, METHODS: OBSERVATIONAL, RADIO CONTINUUM, SURVEYS},
     year = 1998,
    month = may,
   volume = 115,
    pages = {1693-1716},
      doi = {10.1086/300337},
   adsurl = {http://adsabs.harvard.edu/abs/1998AJ....115.1693C},
  adsnote = {Provided by the SAO/NASA Astrophysics Data System}
}

@article {lomnicki,
    AUTHOR = {Lomnicki, Z. A.},
     TITLE = {On the distribution of products of random variables},
   JOURNAL = {J. Roy. Statist. Soc. Ser. B},
  FJOURNAL = {Journal of the Royal Statistical Society. Series B.
              Methodological},
    VOLUME = {29},
      YEAR = {1967},
     PAGES = {513--524},
      ISSN = {0035-9246},
   MRCLASS = {60.20},
  MRNUMBER = {0222928 (36 \#5978)},
MRREVIEWER = {Benjamin Epstein},
}

@ARTICLE{atasolar,
   author = {{Saint-Hilaire}, P. and {Hurford}, G.J. and {Keating}, G. and 
	{Bower}, G.~C. and {Gutierrez-Kraybill}, C.},
    title = "{Multi-frequency Allen Telescope Array Observations of the Sun}",
  journal = {J. Solar Phys., submitted},
     year = 2011,
    month = aug,
}

@ARTICLE{2012ApJ...749..143L,
   author = {{Law}, C.~J. and {Bower}, G.~C.},
    title = "{All Transients, All the Time: Real-time Radio Transient Detection with Interferometric Closure Quantities}",
  journal = {\apj},
archivePrefix = "arXiv",
   eprint = {1112.0308},
 primaryClass = "astro-ph.IM",
 keywords = {instrumentation: interferometers, pulsars: individual: Crab B0329+54, techniques: interferometric},
     year = 2012,
    month = apr,
   volume = 749,
      eid = {143},
    pages = {143},
      doi = {10.1088/0004-637X/749/2/143},
   adsurl = {http://adsabs.harvard.edu/abs/2012ApJ...749..143L},
  adsnote = {Provided by the SAO/NASA Astrophysics Data System}
}

@ARTICLE{1995ApJ...450..559B,
   author = {{Becker}, R.~H. and {White}, R.~L. and {Helfand}, D.~J.},
    title = "{The FIRST Survey: Faint Images of the Radio Sky at Twenty Centimeters}",
  journal = {\apj},
 keywords = {RADIO CONTINUUM: GENERAL, SURVEYS},
     year = 1995,
    month = sep,
   volume = 450,
    pages = {559},
      doi = {10.1086/176166},
   adsurl = {http://adsabs.harvard.edu/abs/1995ApJ...450..559B},
  adsnote = {Provided by the SAO/NASA Astrophysics Data System}
}

@ARTICLE{1989Sci...246..897G,
   author = {{Geller}, M.~J. and {Huchra}, J.~P.},
    title = "{Mapping the universe}",
  journal = {Science},
 keywords = {ASTRONOMICAL MAPS, GALACTIC STRUCTURE, HUBBLE CONSTANT, UNIVERSE, COSMOLOGY, EMISSION SPECTRA, LINE OF SIGHT, LINE SPECTRA},
     year = 1989,
    month = nov,
   volume = 246,
    pages = {897-903},
      doi = {10.1126/science.246.4932.897},
   adsurl = {http://adsabs.harvard.edu/abs/1989Sci...246..897G},
  adsnote = {Provided by the SAO/NASA Astrophysics Data System}
}

@ARTICLE{2002astro.ph..7156C,
   author = {{Cordes}, J.~M. and {Lazio}, T.~J.~W.},
    title = "{NE2001.I. A New Model for the Galactic Distribution of Free Electrons and its Fluctuations}",
  journal = {ArXiv Astrophysics e-prints},
   eprint = {arXiv:astro-ph/0207156},
 keywords = {Astrophysics},
     year = 2002,
    month = jul,
   adsurl = {http://adsabs.harvard.edu/abs/2002astro.ph..7156C},
  adsnote = {Provided by the SAO/NASA Astrophysics Data System}
}

@ARTICLE{1968Natur.217..709H,
   author = {{Hewish}, A. and {Bell}, S.~J. and {Pilkington}, J.~D.~H. and 
	{Scott}, P.~F. and {Collins}, R.~A.},
    title = "{Observation of a Rapidly Pulsating Radio Source}",
  journal = {\nat},
     year = 1968,
    month = feb,
   volume = 217,
    pages = {709-713},
      doi = {10.1038/217709a0},
   adsurl = {http://adsabs.harvard.edu/abs/1968Natur.217..709H},
  adsnote = {Provided by the SAO/NASA Astrophysics Data System}
}

@ARTICLE{2008ApJ...689.1044G,
   author = {{Ghez}, A.~M. and {Salim}, S. and {Weinberg}, N.~N. and {Lu}, J.~R. and 
	{Do}, T. and {Dunn}, J.~K. and {Matthews}, K. and {Morris}, M.~R. and 
	{Yelda}, S. and {Becklin}, E.~E. and {Kremenek}, T. and {Milosavljevic}, M. and 
	{Naiman}, J.},
    title = "{Measuring Distance and Properties of the Milky Way's Central Supermassive Black Hole with Stellar Orbits}",
  journal = {\apj},
archivePrefix = "arXiv",
   eprint = {0808.2870},
 keywords = {Black Hole Physics, Galaxy: Center, Galaxy: Kinematics and Dynamics, Infrared: Stars, Techniques: High Anular Resolution},
     year = 2008,
    month = dec,
   volume = 689,
    pages = {1044-1062},
      doi = {10.1086/592738},
   adsurl = {http://adsabs.harvard.edu/abs/2008ApJ...689.1044G},
  adsnote = {Provided by the SAO/NASA Astrophysics Data System}
}

@ARTICLE{2001MNRAS.328...17M,
   author = {{Manchester}, R.~N. and {Lyne}, A.~G. and {Camilo}, F. and {Bell}, J.~F. and 
	{Kaspi}, V.~M. and {D'Amico}, N. and {McKay}, N.~P.~F. and {Crawford}, F. and 
	{Stairs}, I.~H. and {Possenti}, A. and {Kramer}, M. and {Sheppard}, D.~C.
	},
    title = "{The Parkes multi-beam pulsar survey - I. Observing and data analysis systems, discovery and timing of 100 pulsars}",
  journal = {\mnras},
   eprint = {arXiv:astro-ph/0106522},
 keywords = {METHODS: OBSERVATIONAL, PULSARS: GENERAL},
     year = 2001,
    month = nov,
   volume = 328,
    pages = {17-35},
      doi = {10.1046/j.1365-8711.2001.04751.x},
   adsurl = {http://adsabs.harvard.edu/abs/2001MNRAS.328...17M},
  adsnote = {Provided by the SAO/NASA Astrophysics Data System}
}

@BOOK{tms,
   author = {{Thompson}, A.~R. and {Moran}, J.~M. and {Swenson}, Jr., G.~W.
	},
    title = "{Interferometry and Synthesis in Radio Astronomy, 2nd Edition}",
booktitle = {ISRN Astronomy and Astrophysics},
     year = 2001,
   editor = "{Thompson, A.~R., Moran, J.~M., \& Swenson, G.~W., Jr.}",
   adsurl = {http://adsabs.harvard.edu/abs/2001isra.book.....T},
  adsnote = {Provided by the SAO/NASA Astrophysics Data System}
}

@ARTICLE{2006Natur.439..817M,
   author = {{McLaughlin}, M.~A. and {Lyne}, A.~G. and {Lorimer}, D.~R. and 
	{Kramer}, M. and {Faulkner}, A.~J. and {Manchester}, R.~N. and 
	{Cordes}, J.~M. and {Camilo}, F. and {Possenti}, A. and {Stairs}, I.~H. and 
	{Hobbs}, G. and {D'Amico}, N. and {Burgay}, M. and {O'Brien}, J.~T.
	},
    title = "{Transient radio bursts from rotating neutron stars}",
  journal = {\nat},
   eprint = {arXiv:astro-ph/0511587},
     year = 2006,
    month = feb,
   volume = 439,
    pages = {817-820},
      doi = {10.1038/nature04440},
   adsurl = {http://adsabs.harvard.edu/abs/2006Natur.439..817M},
  adsnote = {Provided by the SAO/NASA Astrophysics Data System}
}

@ARTICLE{2006Natur.442..892C,
   author = {{Camilo}, F. and {Ransom}, S.~M. and {Halpern}, J.~P. and {Reynolds}, J. and 
	{Helfand}, D.~J. and {Zimmerman}, N. and {Sarkissian}, J.},
    title = "{Transient pulsed radio emission from a magnetar}",
  journal = {\nat},
   eprint = {arXiv:astro-ph/0605429},
     year = 2006,
    month = aug,
   volume = 442,
    pages = {892-895},
      doi = {10.1038/nature04986},
   adsurl = {http://adsabs.harvard.edu/abs/2006Natur.442..892C},
  adsnote = {Provided by the SAO/NASA Astrophysics Data System}
}

@ARTICLE{2006Sci...311.1901H,
   author = {{Hessels}, J.~W.~T. and {Ransom}, S.~M. and {Stairs}, I.~H. and 
	{Freire}, P.~C.~C. and {Kaspi}, V.~M. and {Camilo}, F.},
    title = "{A Radio Pulsar Spinning at 716 Hz}",
  journal = {Science},
   eprint = {arXiv:astro-ph/0601337},
     year = 2006,
    month = mar,
   volume = 311,
    pages = {1901-1904},
      doi = {10.1126/science.1123430},
   adsurl = {http://adsabs.harvard.edu/abs/2006Sci...311.1901H},
  adsnote = {Provided by the SAO/NASA Astrophysics Data System}
}

@ARTICLE{2005Natur.433..495N,
   author = {{Nicastro}, F. and {Mathur}, S. and {Elvis}, M. and {Drake}, J. and 
	{Fang}, T. and {Fruscione}, A. and {Krongold}, Y. and {Marshall}, H. and 
	{Williams}, R. and {Zezas}, A.},
    title = "{The mass of the missing baryons in the X-ray forest of the warm-hot intergalactic medium}",
  journal = {\nat},
     year = 2005,
    month = feb,
   volume = 433,
    pages = {495-498},
      doi = {10.1038/nature03245},
   adsurl = {http://adsabs.harvard.edu/abs/2005Natur.433..495N},
  adsnote = {Provided by the SAO/NASA Astrophysics Data System}
}

@ARTICLE{1983AJ.....88..688S,
   author = {{Schwab}, F.~R. and {Cotton}, W.~D.},
    title = "{Global fringe search techniques for VLBI}",
  journal = {\aj},
 keywords = {ASTRONOMICAL MAPS, FOURIER TRANSFORMATION, LEAST SQUARES METHOD, VERY LONG BASE INTERFEROMETRY, ALGORITHMS, COMPUTER PROGRAMS, DATA REDUCTION, MAPPING, SYNTHETIC APERTURES},
     year = 1983,
    month = may,
   volume = 88,
    pages = {688-694},
      doi = {10.1086/113360},
   adsurl = {http://adsabs.harvard.edu/abs/1983AJ.....88..688S},
  adsnote = {Provided by the SAO/NASA Astrophysics Data System}
}

@ARTICLE{2003Natur.422..141H,
   author = {{Hankins}, T.~H. and {Kern}, J.~S. and {Weatherall}, J.~C. and 
	{Eilek}, J.~A.},
    title = "{Nanosecond radio bursts from strong plasma turbulence in the Crab pulsar}",
  journal = {\nat},
     year = 2003,
    month = mar,
   volume = 422,
    pages = {141-143},
   adsurl = {http://adsabs.harvard.edu/abs/2003Natur.422..141H},
  adsnote = {Provided by the SAO/NASA Astrophysics Data System}
}

@ARTICLE{1995ApJ...453..433L,
   author = {{Lundgren}, S.~C. and {Cordes}, J.~M. and {Ulmer}, M. and {Matz}, S.~M. and 
	{Lomatch}, S. and {Foster}, R.~S. and {Hankins}, T.},
    title = "{Giant Pulses from the Crab Pulsar: A Joint Radio and Gamma-Ray Study}",
  journal = {\apj},
 keywords = {GAMMA RAYS: OBSERVATIONS, RADIATION MECHANISMS: NONTHERMAL, STARS: PULSARS: INDIVIDUAL NAME: CRAB PULSAR},
     year = 1995,
    month = nov,
   volume = 453,
    pages = {433},
      doi = {10.1086/176404},
   adsurl = {http://adsabs.harvard.edu/abs/1995ApJ...453..433L},
  adsnote = {Provided by the SAO/NASA Astrophysics Data System}
}

@ARTICLE{2005ApJ...622L.113M,
   author = {{Muno}, M.~P. and {Pfahl}, E. and {Baganoff}, F.~K. and {Brandt}, W.~N. and 
	{Ghez}, A. and {Lu}, J. and {Morris}, M.~R.},
    title = "{An Overabundance of Transient X-Ray Binaries within 1 Parsec of the Galactic Center}",
  journal = {\apjl},
   eprint = {arXiv:astro-ph/0412492},
 keywords = {Galaxy: Center, Stellar Dynamics, X-Rays: Binaries},
     year = 2005,
    month = apr,
   volume = 622,
    pages = {L113-L116},
      doi = {10.1086/429721},
   adsurl = {http://adsabs.harvard.edu/abs/2005ApJ...622L.113M},
  adsnote = {Provided by the SAO/NASA Astrophysics Data System}
}

@ARTICLE{2002ApJ...572..503B,
   author = {{Berger}, E.},
    title = "{Flaring up All Over-Radio Activity in Rapidly Rotating Late M and L Dwarfs}",
  journal = {\apj},
   eprint = {arXiv:astro-ph/0111317},
 keywords = {Radiation Mechanisms: Nonthermal, Radio Continuum: Stars, Stars: Activity, Stars: Low-Mass, Brown Dwarfs, Stars: Magnetic Fields},
     year = 2002,
    month = jun,
   volume = 572,
    pages = {503-513},
      doi = {10.1086/340301},
   adsurl = {http://adsabs.harvard.edu/abs/2002ApJ...572..503B},
  adsnote = {Provided by the SAO/NASA Astrophysics Data System}
}

@ARTICLE{2003astro.ph..1598C,
   author = {{Cordes}, J.~M. and {Lazio}, T.~J.~W.},
    title = "{NE2001. II. Using Radio Propagation Data to Construct a Model for the Galactic Distribution of Free Electrons}",
  journal = {ArXiv Astrophysics e-prints},
   eprint = {arXiv:astro-ph/0301598},
 keywords = {Astrophysics},
     year = 2003,
    month = jan,
   adsurl = {http://adsabs.harvard.edu/abs/2003astro.ph..1598C},
  adsnote = {Provided by the SAO/NASA Astrophysics Data System}
}

@ARTICLE{1977Natur.266..333R,
   author = {{Rees}, M.~J.},
    title = "{A better way of searching for black-hole explosions}",
  journal = {\nat},
 keywords = {ANNIHILATION REACTIONS, BLACK HOLES (ASTRONOMY), RADIO SOURCES (ASTRONOMY), ELECTROMAGNETIC PULSES, ELECTRON ENERGY, INTERSTELLAR MAGNETIC FIELDS, PARTICLE INTERACTIONS, POLARIZED ELECTROMAGNETIC RADIATION, POSITRON ANNIHILATION, RADIO BURSTS, RADIO FREQUENCY DISCHARGE, RADIO TELESCOPES, RELATIVITY},
     year = 1977,
    month = mar,
   volume = 266,
    pages = {333},
      doi = {10.1038/266333a0},
   adsurl = {http://adsabs.harvard.edu/abs/1977Natur.266..333R},
  adsnote = {Provided by the SAO/NASA Astrophysics Data System}
}

@ARTICLE{2007Sci...318..777L,
   author = {{Lorimer}, D.~R. and {Bailes}, M. and {McLaughlin}, M.~A. and 
	{Narkevic}, D.~J. and {Crawford}, F.},
    title = "{A Bright Millisecond Radio Burst of Extragalactic Origin}",
  journal = {Science},
archivePrefix = "arXiv",
   eprint = {0709.4301},
     year = 2007,
    month = nov,
   volume = 318,
    pages = {777-},
      doi = {10.1126/science.1147532},
   adsurl = {http://adsabs.harvard.edu/abs/2007Sci...318..777L},
  adsnote = {Provided by the SAO/NASA Astrophysics Data System}
}

@ARTICLE{1999JGR...10414025F,
   author = {{Farrell}, W.~M. and {Desch}, M.~D. and {Zarka}, P.},
    title = "{On the possibility of coherent cyclotron emission from extrasolar planets}",
  journal = {\jgr},
 keywords = {Magnetospheric Physics: Planetary magnetospheres, Magnetospheric Physics: Solar wind/magnetosphere interactions, Planetology: Solar System Objects: Comparative planetology, Planetology: Solar System Objects: Stellar planetary systems},
     year = 1999,
    month = jun,
   volume = 1041,
    pages = {14025-14032},
      doi = {10.1029/1998JE900050},
   adsurl = {http://adsabs.harvard.edu/abs/1999JGR...10414025F},
  adsnote = {Provided by the SAO/NASA Astrophysics Data System}
}

@ARTICLE{1998ApJ...505..715L,
   author = {{Lazio}, T.~J.~W. and {Cordes}, J.~M.},
    title = "{Hyperstrong Radio-Wave Scattering in the Galactic Center. II. A Likelihood Analysis of Free Electrons in the Galactic Center}",
  journal = {\apj},
   eprint = {arXiv:astro-ph/9804157},
 keywords = {GALAXY: CENTER, ISM: GENERAL, RADIO CONTINUUM: ISM, SCATTERING},
     year = 1998,
    month = oct,
   volume = 505,
    pages = {715-731},
      doi = {10.1086/306174},
   adsurl = {http://adsabs.harvard.edu/abs/1998ApJ...505..715L},
  adsnote = {Provided by the SAO/NASA Astrophysics Data System}
}

@ARTICLE{2003ApJ...590L..95J,
   author = {{Johnston}, S. and {Romani}, R.~W.},
    title = "{Giant Pulses from PSR B0540-69 in the Large Magellanic Cloud}",
  journal = {\apjl},
   eprint = {arXiv:astro-ph/0305235},
 keywords = {Stars: Individual: Alphanumeric: PSR B0540-69, Stars: Neutron},
     year = 2003,
    month = jun,
   volume = 590,
    pages = {L95-L98},
      doi = {10.1086/376826},
   adsurl = {http://adsabs.harvard.edu/abs/2003ApJ...590L..95J},
  adsnote = {Provided by the SAO/NASA Astrophysics Data System}
}

@ARTICLE{2006ApJ...645L.149W,
   author = {{Weltevrede}, P. and {Stappers}, B.~W. and {Rankin}, J.~M. and 
	{Wright}, G.~A.~E.},
    title = "{Is Pulsar B0656+14 a Very Nearby Rotating Radio Transient?}",
  journal = {\apjl},
   eprint = {arXiv:astro-ph/0606345},
 keywords = {Stars: Pulsars: General, Radiation Mechanisms: Nonthermal, stars: individual (PSR B0656+14)},
     year = 2006,
    month = jul,
   volume = 645,
    pages = {L149-L152},
      doi = {10.1086/506346},
   adsurl = {http://adsabs.harvard.edu/abs/2006ApJ...645L.149W},
  adsnote = {Provided by the SAO/NASA Astrophysics Data System}
}

@ARTICLE{2007ApJ...656..129R,
   author = {{Rasmussen}, A.~P. and {Kahn}, S.~M. and {Paerels}, F. and {Herder}, J.~W.~d. and 
	{Kaastra}, J. and {de Vries}, C.},
    title = "{On the Putative Detection of z {\gt} 0 X-Ray Absorption Features in the Spectrum of Mrk 421}",
  journal = {\apj},
   eprint = {arXiv:astro-ph/0604515},
 keywords = {Galaxies: Intergalactic Medium, Cosmology: Large-Scale Structure of Universe, Methods: Data Analysis, Techniques: Spectroscopic, Telescopes, X-Rays: Diffuse Background},
     year = 2007,
    month = feb,
   volume = 656,
    pages = {129-138},
      doi = {10.1086/509865},
   adsurl = {http://adsabs.harvard.edu/abs/2007ApJ...656..129R},
  adsnote = {Provided by the SAO/NASA Astrophysics Data System}
}

@ARTICLE{2000ApJ...545.1058B,
   author = {{Bastian}, T.~S. and {Dulk}, G.~A. and {Leblanc}, Y.},
    title = "{A Search for Radio Emission from Extrasolar Planets}",
  journal = {\apj},
 keywords = {Masers, Stars: Planetary Systems, Radiation Mechanisms: Nonthermal, Stars: Low-Mass, Brown Dwarfs},
     year = 2000,
    month = dec,
   volume = 545,
    pages = {1058-1063},
      doi = {10.1086/317864},
   adsurl = {http://adsabs.harvard.edu/abs/2000ApJ...545.1058B},
  adsnote = {Provided by the SAO/NASA Astrophysics Data System}
}

@ARTICLE{2007ApJ...666..346B,
   author = {{Bower}, G.~C. and {Saul}, D. and {Bloom}, J.~S. and {Bolatto}, A. and 
	{Filippenko}, A.~V. and {Foley}, R.~J. and {Perley}, D.},
    title = "{Submillijansky Transients in Archival Radio Observations}",
  journal = {\apj},
archivePrefix = "arXiv",
   eprint = {0705.3158},
 keywords = {Gamma Rays: Bursts, Radio Continuum: General, Radio Continuum: Stars, Stars: Supernovae: General, Surveys},
     year = 2007,
    month = sep,
   volume = 666,
    pages = {346-360},
      doi = {10.1086/519831},
   adsurl = {http://adsabs.harvard.edu/abs/2007ApJ...666..346B},
  adsnote = {Provided by the SAO/NASA Astrophysics Data System}
}

@ARTICLE{1982Natur.300..615B,
   author = {{Backer}, D.~C. and {Kulkarni}, S.~R. and {Heiles}, C. and {Davis}, M.~M. and 
	{Goss}, W.~M.},
    title = "{A millisecond pulsar}",
  journal = {\nat},
 keywords = {PULSARS, RADIO ASTRONOMY, SCINTILLATION, STELLAR EVOLUTION, DECAMETRIC WAVES, ENERGY DISSIPATION, RADIANT FLUX DENSITY, SPECTRUM ANALYSIS, STELLAR SPECTRA},
     year = 1982,
    month = dec,
   volume = 300,
    pages = {615-618},
      doi = {10.1038/300615a0},
   adsurl = {http://adsabs.harvard.edu/abs/1982Natur.300..615B},
  adsnote = {Provided by the SAO/NASA Astrophysics Data System}
}

@ARTICLE{2007ApJ...663L..25H,
   author = {{Hallinan}, G. and {Bourke}, S. and {Lane}, C. and {Antonova}, A. and 
	{Zavala}, R.~T. and {Brisken}, W.~F. and {Boyle}, R.~P. and 
	{Vrba}, F.~J. and {Doyle}, J.~G. and {Golden}, A.},
    title = "{Periodic Bursts of Coherent Radio Emission from an Ultracool Dwarf}",
  journal = {\apjl},
archivePrefix = "arXiv",
   eprint = {0705.2054},
 keywords = {Stars: Pulsars: General, Radio Continuum: Stars, Radiation Mechanisms: Nonthermal, Stars: Activity, Stars: Low-Mass, Brown Dwarfs, Stars: Magnetic Fields},
     year = 2007,
    month = jul,
   volume = 663,
    pages = {L25-L28},
      doi = {10.1086/519790},
   adsurl = {http://adsabs.harvard.edu/abs/2007ApJ...663L..25H},
  adsnote = {Provided by the SAO/NASA Astrophysics Data System}
}

@ARTICLE{2001MNRAS.322..695H,
   author = {{Hansen}, B.~M.~S. and {Lyutikov}, M.},
    title = "{Radio and X-ray signatures of merging neutron stars}",
  journal = {\mnras},
   eprint = {arXiv:astro-ph/0003218},
 keywords = {GRAVITATION, STARS: MAGNETIC FIELDS, STARS: NEUTRON, PULSARS: GENERAL, GAMMA-RAYS: BURSTS, X-RAYS: BURSTS},
     year = 2001,
    month = apr,
   volume = 322,
    pages = {695-701},
      doi = {10.1046/j.1365-8711.2001.04103.x},
   adsurl = {http://adsabs.harvard.edu/abs/2001MNRAS.322..695H},
  adsnote = {Provided by the SAO/NASA Astrophysics Data System}
}

@ARTICLE{2006ApJ...639L..71R,
   author = {{Reynolds}, S.~P. and {Borkowski}, K.~J. and {Gaensler}, B.~M. and 
	{Rea}, N. and {McLaughlin}, M. and {Possenti}, A. and {Israel}, G. and 
	{Burgay}, M. and {Camilo}, F. and {Chatterjee}, S. and {Kramer}, M. and 
	{Lyne}, A. and {Stairs}, I.},
    title = "{Discovery of the X-Ray Counterpart to the Rotating Radio Transient J1819-1458}",
  journal = {\apjl},
   eprint = {arXiv:astro-ph/0512379},
 keywords = {pulsars: individual (J1819-1458), Radio Continuum: Stars, Stars: Flare, Stars: Neutron, X-Rays: Stars},
     year = 2006,
    month = mar,
   volume = 639,
    pages = {L71-L74},
      doi = {10.1086/502648},
   adsurl = {http://adsabs.harvard.edu/abs/2006ApJ...639L..71R},
  adsnote = {Provided by the SAO/NASA Astrophysics Data System}
}

@ARTICLE{1980Natur.285..137R,
   author = {{Readhead}, A.~C.~S. and {Walker}, R.~C. and {Pearson}, T.~J. and 
	{Cohen}, M.~H.},
    title = "{Mapping radio sources with uncalibrated visibility data}",
  journal = {\nat},
 keywords = {ASTRONOMICAL MAPS, RADIO SOURCES (ASTRONOMY), VERY LONG BASE INTERFEROMETRY, CLOSURES, SIGNAL TO NOISE RATIOS, VISIBILITY},
     year = 1980,
    month = may,
   volume = 285,
    pages = {137-140},
      doi = {10.1038/285137a0},
   adsurl = {http://adsabs.harvard.edu/abs/1980Natur.285..137R},
  adsnote = {Provided by the SAO/NASA Astrophysics Data System}
}

@ARTICLE{2006MNRAS.369L..23P,
   author = {{Popov}, S.~B. and {Turolla}, R. and {Possenti}, A.},
    title = "{A tale of two populations: rotating radio transients and X-ray dim isolated neutron stars}",
  journal = {\mnras},
   eprint = {arXiv:astro-ph/0603258},
 keywords = {stars: evolution , stars: neutron , pulsars: general},
     year = 2006,
    month = jun,
   volume = 369,
    pages = {L23-L26},
      doi = {10.1111/j.1745-3933.2006.00166.x},
   adsurl = {http://adsabs.harvard.edu/abs/2006MNRAS.369L..23P},
  adsnote = {Provided by the SAO/NASA Astrophysics Data System}
}

@ARTICLE{2004ApJ...612..511L,
   author = {{Lazio}, W., T.~J. and {Farrell}, W.~M. and {Dietrick}, J. and 
	{Greenlees}, E. and {Hogan}, E. and {Jones}, C. and {Hennig}, L.~A.
	},
    title = "{The Radiometric Bode's Law and Extrasolar Planets}",
  journal = {\apj},
 keywords = {Magnetic Fields, Radio Continuum: Stars, Sun: Solar Wind},
     year = 2004,
    month = sep,
   volume = 612,
    pages = {511-518},
      doi = {10.1086/422449},
   adsurl = {http://adsabs.harvard.edu/abs/2004ApJ...612..511L},
  adsnote = {Provided by the SAO/NASA Astrophysics Data System}
}

@ARTICLE{2003ApJ...596..982M,
   author = {{McLaughlin}, M.~A. and {Cordes}, J.~M.},
    title = "{Searches for Giant Pulses from Extragalactic Pulsars}",
  journal = {\apj},
   eprint = {arXiv:astro-ph/0304365},
 keywords = {Galaxies: Individual: Messier Number: M33, Stars: Pulsars: General, Stars: Pulsars: Individual: Alphanumeric: B0540-69},
     year = 2003,
    month = oct,
   volume = 596,
    pages = {982-996},
      doi = {10.1086/378232},
   adsurl = {http://adsabs.harvard.edu/abs/2003ApJ...596..982M},
  adsnote = {Provided by the SAO/NASA Astrophysics Data System}
}

@ARTICLE{2007ApJ...670.1307M,
   author = {{McLaughlin}, M.~A. and {Rea}, N. and {Gaensler}, B.~M. and 
	{Chatterjee}, S. and {Camilo}, F. and {Kramer}, M. and {Lorimer}, D.~R. and 
	{Lyne}, A.~G. and {Israel}, G.~L. and {Possenti}, A.},
    title = "{Discovery of Pulsations and a Possible Spectral Feature in the X-Ray Emission from Rotating Radio Transient J1819-1458}",
  journal = {\apj},
archivePrefix = "arXiv",
   eprint = {0708.1149},
 keywords = {pulsars: individual (J1819-1458), Radio Continuum: Stars, Stars: Flare, Stars: Neutron, X-Rays: Stars},
     year = 2007,
    month = dec,
   volume = 670,
    pages = {1307-1313},
      doi = {10.1086/522335},
   adsurl = {http://adsabs.harvard.edu/abs/2007ApJ...670.1307M},
  adsnote = {Provided by the SAO/NASA Astrophysics Data System}
}

@ARTICLE{2006ApJ...653..690H,
   author = {{Hallinan}, G. and {Antonova}, A. and {Doyle}, J.~G. and {Bourke}, S. and 
	{Brisken}, W.~F. and {Golden}, A.},
    title = "{Rotational Modulation of the Radio Emission from the M9 Dwarf TVLM 513-46546: Broadband Coherent Emission at the Substellar Boundary?}",
  journal = {\apj},
   eprint = {arXiv:astro-ph/0608556},
 keywords = {Radiation Mechanisms: Nonthermal, Radio Continuum: Stars, Stars: Activity, Stars: Low-Mass, Brown Dwarfs, Stars: Magnetic Fields, Stars: Rotation},
     year = 2006,
    month = dec,
   volume = 653,
    pages = {690-699},
      doi = {10.1086/508678},
   adsurl = {http://adsabs.harvard.edu/abs/2006ApJ...653..690H},
  adsnote = {Provided by the SAO/NASA Astrophysics Data System}
}

@ARTICLE{1987A&A...180..269C,
   author = {{Cornwell}, T.~J.},
    title = "{Radio-interferometric imaging of weak objects in conditions of poor phase stability - the relationship between speckle masking and phase closure methods}",
  journal = {\aap},
 keywords = {IMAGING TECHNIQUES, PHASE ERROR, RADIO ASTRONOMY, SPACE OBSERVATIONS (FROM EARTH), SPECKLE PATTERNS, ALGORITHMS, FOURIER TRANSFORMATION, RADIO INTERFEROMETERS},
     year = 1987,
    month = jun,
   volume = 180,
    pages = {269-274},
   adsurl = {http://adsabs.harvard.edu/abs/1987A%26A...180..269C},
  adsnote = {Provided by the SAO/NASA Astrophysics Data System}
}

@ARTICLE{2009ApJ...703.2259D,
   author = {{Deneva}, J.~S. and {Cordes}, J.~M. and {McLaughlin}, M.~A. and 
	{Nice}, D.~J. and {Lorimer}, D.~R. and {Crawford}, F. and {Bhat}, N.~D.~R. and 
	{Camilo}, F. and {Champion}, D.~J. and {Freire}, P.~C.~C. and 
	{Edel}, S. and {Kondratiev}, V.~I. and {Hessels}, J.~W.~T. and 
	{Jenet}, F.~A. and {Kasian}, L. and {Kaspi}, V.~M. and {Kramer}, M. and 
	{Lazarus}, P. and {Ransom}, S.~M. and {Stairs}, I.~H. and {Stappers}, B.~W. and 
	{van Leeuwen}, J. and {Brazier}, A. and {Venkataraman}, A. and 
	{Zollweg}, J.~A. and {Bogdanov}, S.},
    title = "{Arecibo Pulsar Survey Using ALFA: Probing Radio Pulsar Intermittency And Transients}",
  journal = {\apj},
archivePrefix = "arXiv",
   eprint = {0811.2532},
 keywords = {pulsars: general, pulsars: individual: PSR J1928+15 PSR J0627+16 PSR J1909+06, surveys},
     year = 2009,
    month = oct,
   volume = 703,
    pages = {2259-2274},
      doi = {10.1088/0004-637X/703/2/2259},
   adsurl = {http://adsabs.harvard.edu/abs/2009ApJ...703.2259D},
  adsnote = {Provided by the SAO/NASA Astrophysics Data System}
}

@ARTICLE{1997ApJ...475..557C,
   author = {{Cordes}, J.~M. and {Lazio}, T.~J.~W.},
    title = "{Finding Radio Pulsars in and beyond the Galactic Center}",
  journal = {\apj},
   eprint = {arXiv:astro-ph/9608028},
 keywords = {GALAXY: CENTER, ISM: GENERAL, STARS: PULSARS: GENERAL},
     year = 1997,
    month = feb,
   volume = 475,
    pages = {557},
      doi = {10.1086/303569},
   adsurl = {http://adsabs.harvard.edu/abs/1997ApJ...475..557C},
  adsnote = {Provided by the SAO/NASA Astrophysics Data System}
}

@ARTICLE{2010AJ....139.1468P,
   author = {{Parsons}, A.~R. and {Backer}, D.~C. and {Foster}, G.~S. and 
	{Wright}, M.~C.~H. and {Bradley}, R.~F. and {Gugliucci}, N.~E. and 
	{Parashare}, C.~R. and {Benoit}, E.~E. and {Aguirre}, J.~E. and 
	{Jacobs}, D.~C. and {Carilli}, C.~L. and {Herne}, D. and {Lynch}, M.~J. and 
	{Manley}, J.~R. and {Werthimer}, D.~J.},
    title = "{The Precision Array for Probing the Epoch of Re-ionization: Eight Station Results}",
  journal = {\aj},
archivePrefix = "arXiv",
   eprint = {0904.2334},
 primaryClass = "astro-ph.CO",
 keywords = {cosmology: observations, instrumentation: interferometers, radio continuum: general, techniques: interferometric, site testing, telescopes},
     year = 2010,
    month = apr,
   volume = 139,
    pages = {1468-1480},
      doi = {10.1088/0004-6256/139/4/1468},
   adsurl = {http://adsabs.harvard.edu/abs/2010AJ....139.1468P},
  adsnote = {Provided by the SAO/NASA Astrophysics Data System}
}

@ARTICLE{2007A&A...475..359G,
   author = {{Grie{\ss}meier}, J.-M. and {Zarka}, P. and {Spreeuw}, H.},
    title = "{Predicting low-frequency radio fluxes of known extrasolar planets}",
  journal = {\aap},
archivePrefix = "arXiv",
   eprint = {0806.0327},
 keywords = {radiation mechanisms: non-thermal, catalogs, plasmas, planets and satellites general},
     year = 2007,
    month = nov,
   volume = 475,
    pages = {359-368},
      doi = {10.1051/0004-6361:20077397},
   adsurl = {http://adsabs.harvard.edu/abs/2007A\%26A...475..359G},
  adsnote = {Provided by the SAO/NASA Astrophysics Data System}
}

@ARTICLE{2011ApJ...739L...1P,
   author = {{Perley}, R.~A. and {Chandler}, C.~J. and {Butler}, B.~J. and 
	{Wrobel}, J.~M.},
    title = "{The Expanded Very Large Array: A New Telescope for New Science}",
  journal = {\apjl},
archivePrefix = "arXiv",
   eprint = {1106.0532},
 primaryClass = "astro-ph.IM",
 keywords = {telescopes},
     year = 2011,
    month = sep,
   volume = 739,
      eid = {L1},
    pages = {L1},
      doi = {10.1088/2041-8205/739/1/L1},
   adsurl = {http://adsabs.harvard.edu/abs/2011ApJ...739L...1P},
  adsnote = {Provided by the SAO/NASA Astrophysics Data System}
}

@ARTICLE{2004ApJ...615..253P,
   author = {{Pfahl}, E. and {Loeb}, A.},
    title = "{Probing the Spacetime around Sagittarius A* with Radio Pulsars}",
  journal = {\apj},
   eprint = {arXiv:astro-ph/0309744},
 keywords = {Black Hole Physics, Galaxy: Center, Stars: Pulsars: General},
     year = 2004,
    month = nov,
   volume = 615,
    pages = {253-258},
      doi = {10.1086/423975},
   adsurl = {http://adsabs.harvard.edu/abs/2004ApJ...615..253P},
  adsnote = {Provided by the SAO/NASA Astrophysics Data System}
}

@ARTICLE{2010MNRAS.401.1057K,
   author = {{Keane}, E.~F. and {Ludovici}, D.~A. and {Eatough}, R.~P. and 
	{Kramer}, M. and {Lyne}, A.~G. and {McLaughlin}, M.~A. and {Stappers}, B.~W.
	},
    title = "{Further searches for Rotating Radio Transients in the Parkes Multi-beam Pulsar Survey}",
  journal = {\mnras},
archivePrefix = "arXiv",
   eprint = {0909.1924},
 primaryClass = "astro-ph.SR",
 keywords = {stars:neutron, pulsars: general, Galaxy: stellar content},
     year = 2010,
    month = jan,
   volume = 401,
    pages = {1057-1068},
      doi = {10.1111/j.1365-2966.2009.15693.x},
   adsurl = {http://adsabs.harvard.edu/abs/2010MNRAS.401.1057K},
  adsnote = {Provided by the SAO/NASA Astrophysics Data System}
}

@ARTICLE{1995AJ....109.1391R,
   author = {{Rogers}, A.~E.~E. and {Doeleman}, S.~S. and {Moran}, J.~M.},
    title = "{Fringe detection methods for very long baseline arrays}",
  journal = {\aj},
 keywords = {CORRELATION DETECTION, MILLIMETER WAVES, RADIO ASTRONOMY, SIGNAL DETECTION, SIGNAL PROCESSING, SIGNAL TO NOISE RATIOS, VERY LONG BASE INTERFEROMETRY, AMPLITUDES, ANALYSIS (MATHEMATICS), COHERENCE COEFFICIENT, PROBABILITY DISTRIBUTION FUNCTIONS, SENSITIVITY},
     year = 1995,
    month = mar,
   volume = 109,
    pages = {1391-1401},
      doi = {10.1086/117371},
   adsurl = {http://adsabs.harvard.edu/abs/1995AJ....109.1391R},
  adsnote = {Provided by the SAO/NASA Astrophysics Data System}
}

@ARTICLE{2010MNRAS.402..855B,
   author = {{Burke-Spolaor}, S. and {Bailes}, M.},
    title = "{The millisecond radio sky: transients from a blind single-pulse search}",
  journal = {\mnras},
archivePrefix = "arXiv",
   eprint = {0911.1790},
 primaryClass = "astro-ph.SR",
 keywords = {methods: data analysis, stars: neutron, pulsars: general},
     year = 2010,
    month = feb,
   volume = 402,
    pages = {855-866},
      doi = {10.1111/j.1365-2966.2009.15965.x},
   adsurl = {http://adsabs.harvard.edu/abs/2010MNRAS.402..855B},
  adsnote = {Provided by the SAO/NASA Astrophysics Data System}
}

@ARTICLE{2009IEEEP..97.1438W,
   author = {{Welch}, J. and {Backer}, D. and {Blitz}, L. and {Bock}, D.~C.-J. and 
	{Bower}, G.~C. and {Cheng}, C. and {Croft}, S. and {Dexter}, M. and 
	{Engargiola}, G. and {Fields}, E. and {Forster}, J. and {Gutierrez-Kraybill}, C. and 
	{Heiles}, C. and {Helfer}, T. and {Jorgensen}, S. and {Keating}, G. and 
	{Lugten}, J. and {MacMahon}, D. and {Milgrome}, O. and {Thornton}, D. and 
	{Urry}, L. and {van Leeuwen}, J. and {Werthimer}, D. and {Williams}, P.~H. and 
	{Wright}, M. and {Tarter}, J. and {Ackermann}, R. and {Atkinson}, S. and 
	{Backus}, P. and {Barott}, W. and {Bradford}, T. and {Davis}, M. and 
	{Deboer}, D. and {Dreher}, J. and {Harp}, G. and {Jordan}, J. and 
	{Kilsdonk}, T. and {Pierson}, T. and {Randall}, K. and {Ross}, J. and 
	{Shostak}, S. and {Fleming}, M. and {Cork}, C. and {Vitouchkine}, A. and 
	{Wadefalk}, N. and {Weinreb}, S.},
    title = "{The Allen Telescope Array: The First Widefield, Panchromatic, Snapshot Radio Camera for Radio Astronomy and SETI}",
  journal = {IEEE Proceedings},
archivePrefix = "arXiv",
   eprint = {0904.0762},
 primaryClass = "astro-ph.IM",
     year = 2009,
    month = aug,
   volume = 97,
    pages = {1438-1447},
      doi = {10.1109/JPROC.2009.2017103},
   adsurl = {http://adsabs.harvard.edu/abs/2009IEEEP..97.1438W},
  adsnote = {Provided by the SAO/NASA Astrophysics Data System}
}

@ARTICLE{2010ApJ...714.1715F,
   author = {{Fang}, T. and {Buote}, D.~A. and {Humphrey}, P.~J. and {Canizares}, C.~R. and 
	{Zappacosta}, L. and {Maiolino}, R. and {Tagliaferri}, G. and 
	{Gastaldello}, F.},
    title = "{Confirmation of X-ray Absorption by Warm-Hot Intergalactic Medium in the Sculptor Wall}",
  journal = {\apj},
archivePrefix = "arXiv",
   eprint = {1001.3692},
 primaryClass = "astro-ph.CO",
 keywords = {BL Lacertae objects: individual: H 2356-309, intergalactic medium, large-scale structure of universe, quasars: absorption lines, X-rays: diffuse background, X-rays: galaxies: clusters},
     year = 2010,
    month = may,
   volume = 714,
    pages = {1715-1724},
      doi = {10.1088/0004-637X/714/2/1715},
   adsurl = {http://adsabs.harvard.edu/abs/2010ApJ...714.1715F},
  adsnote = {Provided by the SAO/NASA Astrophysics Data System}
}

@ARTICLE{2009ApJ...703L..41R,
   author = {{Rea}, N. and {McLaughlin}, M.~A. and {Gaensler}, B.~M. and 
	{Slane}, P.~O. and {Stella}, L. and {Reynolds}, S.~P. and {Burgay}, M. and 
	{Israel}, G.~L. and {Possenti}, A. and {Chatterjee}, S.},
    title = "{Discovery of Extended X-Ray Emission Around the Highly Magnetic RRAT J1819-1458}",
  journal = {\apjl},
archivePrefix = "arXiv",
   eprint = {0906.1394},
 primaryClass = "astro-ph.HE",
 keywords = {pulsars: individual: RRAT J1819-1458, stars: magnetic fields, X-rays: stars},
     year = 2009,
    month = sep,
   volume = 703,
    pages = {L41-L45},
      doi = {10.1088/0004-637X/703/1/L41},
   adsurl = {http://adsabs.harvard.edu/abs/2009ApJ...703L..41R},
  adsnote = {Provided by the SAO/NASA Astrophysics Data System}
}

@ARTICLE{2009MNRAS.400.1439L,
   author = {{Lyne}, A.~G. and {McLaughlin}, M.~A. and {Keane}, E.~F. and 
	{Kramer}, M. and {Espinoza}, C.~M. and {Stappers}, B.~W. and 
	{Palliyaguru}, N.~T. and {Miller}, J.},
    title = "{Unusual glitch activity in the RRAT J1819-1458: an exhausted magnetar?}",
  journal = {\mnras},
archivePrefix = "arXiv",
   eprint = {0909.1165},
 primaryClass = "astro-ph.SR",
 keywords = {pulsars: general},
     year = 2009,
    month = dec,
   volume = 400,
    pages = {1439-1444},
      doi = {10.1111/j.1365-2966.2009.15668.x},
   adsurl = {http://adsabs.harvard.edu/abs/2009MNRAS.400.1439L},
  adsnote = {Provided by the SAO/NASA Astrophysics Data System}
}

@ARTICLE{2006ApJ...649..235M,
   author = {{Manchester}, R.~N. and {Fan}, G. and {Lyne}, A.~G. and {Kaspi}, V.~M. and 
	{Crawford}, F.},
    title = "{Discovery of 14 Radio Pulsars in a Survey of the Magellanic Clouds}",
  journal = {\apj},
   eprint = {arXiv:astro-ph/0604421},
 keywords = {Galaxies: Magellanic Clouds, Stars: Pulsars: General, Surveys},
     year = 2006,
    month = sep,
   volume = 649,
    pages = {235-242},
      doi = {10.1086/505461},
   adsurl = {http://adsabs.harvard.edu/abs/2006ApJ...649..235M},
  adsnote = {Provided by the SAO/NASA Astrophysics Data System}
}

@ARTICLE{2009ApJ...702..692K,
   author = {{Kondratiev}, V.~I. and {McLaughlin}, M.~A. and {Lorimer}, D.~R. and 
	{Burgay}, M. and {Possenti}, A. and {Turolla}, R. and {Popov}, S.~B. and 
	{Zane}, S.},
    title = "{New Limits on Radio Emission from X-ray Dim Isolated Neutron Stars}",
  journal = {\apj},
archivePrefix = "arXiv",
   eprint = {0907.0054},
 primaryClass = "astro-ph.GA",
 keywords = {methods: data analysis, stars: neutron},
     year = 2009,
    month = sep,
   volume = 702,
    pages = {692-706},
      doi = {10.1088/0004-637X/702/1/692},
   adsurl = {http://adsabs.harvard.edu/abs/2009ApJ...702..692K},
  adsnote = {Provided by the SAO/NASA Astrophysics Data System}
}

@ARTICLE{2004MNRAS.348..999I,
   author = {{Inoue}, S.},
    title = "{Probing the cosmic reionization history and local environment of gamma-ray bursts through radio dispersion}",
  journal = {\mnras},
   eprint = {arXiv:astro-ph/0309364},
 keywords = {radiation mechanisms: non-thermal, intergalactic medium, cosmology: theory, gamma-rays: bursts, radio continuum: general},
     year = 2004,
    month = mar,
   volume = 348,
    pages = {999-1008},
      doi = {10.1111/j.1365-2966.2004.07359.x},
   adsurl = {http://adsabs.harvard.edu/abs/2004MNRAS.348..999I},
  adsnote = {Provided by the SAO/NASA Astrophysics Data System}
}

@ARTICLE{2010ApJ...719...45C,
   author = {{Croft}, S. and {Bower}, G.~C. and {Ackermann}, R. and {Atkinson}, S. and 
	{Backer}, D. and {Backus}, P. and {Barott}, W.~C. and {Bauermeister}, A. and 
	{Blitz}, L. and {Bock}, D. and {Bradford}, T. and {Cheng}, C. and 
	{Cork}, C. and {Davis}, M. and {DeBoer}, D. and {Dexter}, M. and 
	{Dreher}, J. and {Engargiola}, G. and {Fields}, E. and {Fleming}, M. and 
	{Forster}, J.~R. and {Gutierrez-Kraybill}, C. and {Harp}, G. and 
	{Helfer}, T. and {Hull}, C. and {Jordan}, J. and {Jorgensen}, S. and 
	{Keating}, G. and {Kilsdonk}, T. and {Law}, C. and {van Leeuwen}, J. and 
	{Lugten}, J. and {MacMahon}, D. and {McMahon}, P. and {Milgrome}, O. and 
	{Pierson}, T. and {Randall}, K. and {Ross}, J. and {Shostak}, S. and 
	{Siemion}, A. and {Smolek}, K. and {Tarter}, J. and {Thornton}, D. and 
	{Urry}, L. and {Vitouchkine}, A. and {Wadefalk}, N. and {Welch}, J. and 
	{Werthimer}, D. and {Whysong}, D. and {Williams}, P.~K.~G. and 
	{Wright}, M.},
    title = "{The Allen Telescope Array Twenty-centimeter Survey--A 690 deg$^{2}$, 12 Epoch Radio Data Set. I. Catalog and Long-duration Transient Statistics}",
  journal = {\apj},
archivePrefix = "arXiv",
   eprint = {1006.2003},
 primaryClass = "astro-ph.CO",
 keywords = {catalogs, radio continuum: galaxies, surveys},
     year = 2010,
    month = aug,
   volume = 719,
    pages = {45-58},
      doi = {10.1088/0004-637X/719/1/45},
   adsurl = {http://adsabs.harvard.edu/abs/2010ApJ...719...45C},
  adsnote = {Provided by the SAO/NASA Astrophysics Data System}
}

@ARTICLE{2011ApJ...727...18B,
   author = {{Burke-Spolaor}, S. and {Bailes}, M. and {Ekers}, R. and {Macquart}, J.-P. and 
	{Crawford}, III, F.},
    title = "{Radio Bursts with Extragalactic Spectral Characteristics Show Terrestrial Origins}",
  journal = {\apj},
archivePrefix = "arXiv",
   eprint = {1009.5392},
 primaryClass = "astro-ph.CO",
 keywords = {atmospheric effects, plasmas, pulsars: general, radio continuum: general},
     year = 2011,
    month = jan,
   volume = 727,
      eid = {18},
    pages = {18},
      doi = {10.1088/0004-637X/727/1/18},
   adsurl = {http://adsabs.harvard.edu/abs/2011ApJ...727...18B},
  adsnote = {Provided by the SAO/NASA Astrophysics Data System}
}

@ARTICLE{2006MNRAS.373L...6J,
   author = {{Johnston}, S. and {Kramer}, M. and {Lorimer}, D.~R. and {Lyne}, A.~G. and 
	{McLaughlin}, M. and {Klein}, B. and {Manchester}, R.~N.},
    title = "{Discovery of two pulsars towards the Galactic Centre}",
  journal = {\mnras},
   eprint = {arXiv:astro-ph/0606465},
 keywords = {pulsars: general, pulsars: individual: J1745-2912, pulsars: individual: J1746-2856},
     year = 2006,
    month = nov,
   volume = 373,
    pages = {L6-L10},
      doi = {10.1111/j.1745-3933.2006.00232.x},
   adsurl = {http://adsabs.harvard.edu/abs/2006MNRAS.373L...6J},
  adsnote = {Provided by the SAO/NASA Astrophysics Data System}
}

@ARTICLE{2010ApJ...725.1792B,
   author = {{Bower}, G.~C. and {Croft}, S. and {Keating}, G. and {Whysong}, D. and 
	{Ackermann}, R. and {Atkinson}, S. and {Backer}, D. and {Backus}, P. and 
	{Barott}, B. and {Bauermeister}, A. and {Blitz}, L. and {Bock}, D. and 
	{Bradford}, T. and {Cheng}, C. and {Cork}, C. and {Davis}, M. and 
	{DeBoer}, D. and {Dexter}, M. and {Dreher}, J. and {Engargiola}, G. and 
	{Fields}, E. and {Fleming}, M. and {Forster}, R.~J. and {Gutierrez-Kraybill}, C. and 
	{Harp}, G.~R. and {Heiles}, C. and {Helfer}, T. and {Hull}, C. and 
	{Jordan}, J. and {Jorgensen}, S. and {Kilsdonk}, T. and {Law}, C. and 
	{van Leeuwen}, J. and {Lugten}, J. and {MacMahon}, D. and {McMahon}, P. and 
	{Milgrome}, O. and {Pierson}, T. and {Randall}, K. and {Ross}, J. and 
	{Shostak}, S. and {Siemion}, A. and {Smolek}, K. and {Tarter}, J. and 
	{Thornton}, D. and {Urry}, L. and {Vitouchkine}, A. and {Wadefalk}, N. and 
	{Weinreb}, S. and {Welch}, J. and {Werthimer}, D. and {Williams}, P.~K.~G. and 
	{Wright}, M.},
    title = "{The Allen Telescope Array Pi GHz Sky Survey. I. Survey Description and Static Catalog Results for the Bo{\"o}tes Field}",
  journal = {\apj},
archivePrefix = "arXiv",
   eprint = {1009.4443},
 primaryClass = "astro-ph.HE",
 keywords = {radio continuum: galaxies, radio continuum: general, radio continuum: stars, surveys},
     year = 2010,
    month = dec,
   volume = 725,
    pages = {1792-1804},
      doi = {10.1088/0004-637X/725/2/1792},
   adsurl = {http://adsabs.harvard.edu/abs/2010ApJ...725.1792B},
  adsnote = {Provided by the SAO/NASA Astrophysics Data System}
}

@ARTICLE{2009ApJ...702L.177D,
   author = {{Deneva}, J.~S. and {Cordes}, J.~M. and {Lazio}, T.~J.~W.},
    title = "{Discovery of Three Pulsars from a Galactic Center Pulsar Population}",
  journal = {\apjl},
archivePrefix = "arXiv",
   eprint = {0908.1331},
 primaryClass = "astro-ph.SR",
 keywords = {pulsars: general, pulsars: individual: J1746{\ndash}2850I J1746{\ndash}2850II J1745{\ndash}2910},
     year = 2009,
    month = sep,
   volume = 702,
    pages = {L177-L181},
      doi = {10.1088/0004-637X/702/2/L177},
   adsurl = {http://adsabs.harvard.edu/abs/2009ApJ...702L.177D},
  adsnote = {Provided by the SAO/NASA Astrophysics Data System}
}

@ARTICLE{2009P&SS...57...23H,
   author = {{Hess}, S. and {Zarka}, P. and {Mottez}, F. and {Ryabov}, V.~B.
	},
    title = "{Electric potential jumps in the Io-Jupiter flux tube}",
  journal = {\planss},
     year = 2009,
    month = jan,
   volume = 57,
    pages = {23-33},
      doi = {10.1016/j.pss.2008.10.006},
   adsurl = {http://adsabs.harvard.edu/abs/2009P%26SS...57...23H},
  adsnote = {Provided by the SAO/NASA Astrophysics Data System}
}

@ARTICLE{2010ApJ...715..939M,
   author = {{Macquart}, J.-P. and {Kanekar}, N. and {Frail}, D.~A. and {Ransom}, S.~M.
	},
    title = "{A High-frequency Search for Pulsars within the Central Parsec of Sgr A*}",
  journal = {\apj},
archivePrefix = "arXiv",
   eprint = {1004.1643},
 primaryClass = "astro-ph.GA",
 keywords = {Galaxy: center, pulsars: general},
     year = 2010,
    month = jun,
   volume = 715,
    pages = {939-946},
      doi = {10.1088/0004-637X/715/2/939},
   adsurl = {http://adsabs.harvard.edu/abs/2010ApJ...715..939M},
  adsnote = {Provided by the SAO/NASA Astrophysics Data System}
}

@ARTICLE{2009GeoRL..3613202R,
   author = {{Ruf}, C. and {Renno}, N.~O. and {Kok}, J.~F. and {Bandelier}, E. and 
	{Sander}, M.~J. and {Gross}, S. and {Skjerve}, L. and {Cantor}, B.
	},
    title = "{Emission of non-thermal microwave radiation by a Martian dust storm}",
  journal = {\grl},
 keywords = {Atmospheric Processes: Atmospheric electricity, Atmospheric Processes: Convective processes, Atmospheric Processes: Lightning, Atmospheric Processes: Clouds and aerosols},
     year = 2009,
    month = jul,
   volume = 361,
      eid = {L13202},
    pages = {13202},
      doi = {10.1029/2009GL038715},
   adsurl = {http://adsabs.harvard.edu/abs/2009GeoRL..3613202R},
  adsnote = {Provided by the SAO/NASA Astrophysics Data System}
}

@ARTICLE{2006ApJ...637.1016O,
   author = {{Osten}, R.~A. and {Bastian}, T.~S.},
    title = "{Wide-Band Spectroscopy of Two Radio Bursts on AD Leonis}",
  journal = {\apj},
   eprint = {arXiv:astro-ph/0509815},
 keywords = {Radio Continuum: Stars, Stars: Activity, Stars: Coronae, Stars: Late-Type},
     year = 2006,
    month = feb,
   volume = 637,
    pages = {1016-1024},
      doi = {10.1086/498410},
   adsurl = {http://adsabs.harvard.edu/abs/2006ApJ...637.1016O},
  adsnote = {Provided by the SAO/NASA Astrophysics Data System}
}

@ARTICLE{2011MNRAS.415.3065K,
   author = {{Keane}, E.~F. and {Kramer}, M. and {Lyne}, A.~G. and {Stappers}, B.~W. and 
	{McLaughlin}, M.~A.},
    title = "{Rotating Radio Transients: new discoveries, timing solutions and musings}",
  journal = {\mnras},
 keywords = {surveys, ephemerides, stars: neutron, pulsars: general, Galaxy: stellar content},
     year = 2011,
    month = aug,
   volume = 415,
    pages = {3065-3080},
      doi = {10.1111/j.1365-2966.2011.18917.x},
   adsurl = {http://adsabs.harvard.edu/abs/2011MNRAS.415.3065K},
  adsnote = {Provided by the SAO/NASA Astrophysics Data System}
}

@ARTICLE{2011ApJ...732L..12B,
   author = {{Bower}, G.~C.},
    title = "{Constraining the Rate of Relativistic Jets from Tidal Disruptions Using Radio Surveys}",
  journal = {\apjl},
archivePrefix = "arXiv",
   eprint = {1103.4328},
 primaryClass = "astro-ph.HE",
 keywords = {galaxies: active, radio continuum: galaxies, radio continuum: general, surveys},
     year = 2011,
    month = may,
   volume = 732,
      eid = {L12},
    pages = {L12},
      doi = {10.1088/2041-8205/732/1/L12},
   adsurl = {http://adsabs.harvard.edu/abs/2011ApJ...732L..12B},
  adsnote = {Provided by the SAO/NASA Astrophysics Data System}
}

@ARTICLE{2011ApJ...728L..14B,
   author = {{Bower}, G.~C. and {Saul}, D.},
    title = "{A Search for Radio Transients in Very Large Array Archival Images of the 3C 286 Field}",
  journal = {\apjl},
archivePrefix = "arXiv",
   eprint = {1101.0121},
 primaryClass = "astro-ph.HE",
 keywords = {radio continuum: galaxies, radio continuum: general, radio continuum: stars, surveys},
     year = 2011,
    month = feb,
   volume = 728,
      eid = {L14},
    pages = {L14},
      doi = {10.1088/2041-8205/728/1/L14},
   adsurl = {http://adsabs.harvard.edu/abs/2011ApJ...728L..14B},
  adsnote = {Provided by the SAO/NASA Astrophysics Data System}
}

@ARTICLE{2010AcAau..67.1342S,
   author = {{Siemion}, A. and {Von Korff}, J. and {McMahon}, P. and {Korpela}, E. and 
	{Werthimer}, D. and {Anderson}, D. and {Bower}, G. and {Cobb}, J. and 
	{Foster}, G. and {Lebofsky}, M. and {van Leeuwen}, J. and {Wagner}, M.
	},
    title = "{New SETI sky surveys for radio pulses}",
  journal = {Acta Astronautica},
archivePrefix = "arXiv",
   eprint = {0811.3046},
     year = 2010,
    month = dec,
   volume = 67,
    pages = {1342-1349},
   adsurl = {http://adsabs.harvard.edu/abs/2010AcAau..67.1342S},
  adsnote = {Provided by the SAO/NASA Astrophysics Data System}
}

@ARTICLE{2008ApJ...674.1078O,
   author = {{Osten}, R.~A. and {Bastian}, T.~S.},
    title = "{Ultrahigh Time Resolution Observations of Radio Bursts on AD Leonis}",
  journal = {\apj},
archivePrefix = "arXiv",
   eprint = {0710.5881},
 keywords = {Radio Continuum: Stars, Stars: Activity, Stars: Coronae, Stars: Late-Type},
     year = 2008,
    month = feb,
   volume = 674,
    pages = {1078-1085},
      doi = {10.1086/525013},
   adsurl = {http://adsabs.harvard.edu/abs/2008ApJ...674.1078O},
  adsnote = {Provided by the SAO/NASA Astrophysics Data System}
}

@ARTICLE{2010ApJ...710.1462W,
   author = {{Williams}, P.~K.~G. and {Bower}, G.~C.},
    title = "{Evaluating the Calorimeter Model with Broadband, Continuous Spectra of Starburst Galaxies Observed with the Allen Telescope Array}",
  journal = {\apj},
archivePrefix = "arXiv",
   eprint = {0912.0014},
 primaryClass = "astro-ph.CO",
 keywords = {galaxies: individual: Arp 220 M82 NGC 253, galaxies: magnetic fields, radio continuum: galaxies, techniques: interferometric},
     year = 2010,
    month = feb,
   volume = 710,
    pages = {1462-1479},
      doi = {10.1088/0004-637X/710/2/1462},
   adsurl = {http://adsabs.harvard.edu/abs/2010ApJ...710.1462W},
  adsnote = {Provided by the SAO/NASA Astrophysics Data System}
}

@ARTICLE{2010ApJ...708..474L,
   author = {{Law}, C.~J.},
    title = "{A Multiwavelength View of a Mass Outflow from the Galactic Center}",
  journal = {\apj},
archivePrefix = "arXiv",
   eprint = {0911.2061},
 primaryClass = "astro-ph.GA",
 keywords = {Galaxy: center, galaxies: starburst, galaxies: nuclei, infrared: galaxies, radio continuum: galaxies},
     year = 2010,
    month = jan,
   volume = 708,
    pages = {474-484},
      doi = {10.1088/0004-637X/708/1/474},
   adsurl = {http://adsabs.harvard.edu/abs/2010ApJ...708..474L},
  adsnote = {Provided by the SAO/NASA Astrophysics Data System}
}

@ARTICLE{2011ApJ...731...34C,
   author = {{Croft}, S. and {Bower}, G.~C. and {Keating}, G. and {Law}, C. and 
	{Whysong}, D. and {Williams}, P.~K.~G. and {Wright}, M.},
    title = "{The Allen Telescope Array Twenty-centimeter Survey--A 700-square-degree, Multi-epoch Radio Data Set. II. Individual Epoch Transient Statistics}",
  journal = {\apj},
archivePrefix = "arXiv",
   eprint = {1102.2227},
 primaryClass = "astro-ph.CO",
 keywords = {catalogs, radio continuum: galaxies, surveys},
     year = 2011,
    month = apr,
   volume = 731,
      eid = {34},
    pages = {34},
      doi = {10.1088/0004-637X/731/1/34},
   adsurl = {http://adsabs.harvard.edu/abs/2011ApJ...731...34C},
  adsnote = {Provided by the SAO/NASA Astrophysics Data System}
}

@ARTICLE{1989AJ.....98.1112K,
   author = {{Kulkarni}, S.~R.},
    title = "{Self-noise in interferometers - Radio and infrared}",
  journal = {\aj},
 keywords = {INFRARED INTERFEROMETERS, NOISE GENERATORS, RADIO INTERFEROMETERS, SIGNAL TO NOISE RATIOS, SYNTHETIC APERTURES, COVARIANCE, RANDOM VARIABLES, VARIANCE (STATISTICS), VERY LARGE ARRAY (VLA), VERY LONG BASE INTERFEROMETRY},
     year = 1989,
    month = sep,
   volume = 98,
    pages = {1112-1130},
      doi = {10.1086/115202},
   adsurl = {http://adsabs.harvard.edu/abs/1989AJ.....98.1112K},
  adsnote = {Provided by the SAO/NASA Astrophysics Data System}
}

@ARTICLE{2009MNRAS.400.1445K,
   author = {{Kaplan}, D.~L. and {Esposito}, P. and {Chatterjee}, S. and 
	{Possenti}, A. and {McLaughlin}, M.~A. and {Camilo}, F. and 
	{Chakrabarty}, D. and {Slane}, P.~O.},
    title = "{Upper limits on X-ray emission from two rotating radio transients}",
  journal = {\mnras},
archivePrefix = "arXiv",
   eprint = {0908.3819},
 primaryClass = "astro-ph.SR",
 keywords = {stars: neutron , pulsars: general , X-rays: stars},
     year = 2009,
    month = dec,
   volume = 400,
    pages = {1445-1450},
      doi = {10.1111/j.1365-2966.2009.15541.x},
   adsurl = {http://adsabs.harvard.edu/abs/2009MNRAS.400.1445K},
  adsnote = {Provided by the SAO/NASA Astrophysics Data System}
}

@ARTICLE{1978Natur.276..590O,
   author = {{O'Sullivan}, J.~D. and {Ekers}, R.~D. and {Shaver}, P.~A.},
    title = "{Limits on cosmic radio bursts with microsecond time scales}",
  journal = {\nat},
 keywords = {BLACK HOLES (ASTRONOMY), EXTRAGALACTIC RADIO SOURCES, MICROWAVE EMISSION, PULSED RADIATION, RADIO BURSTS, ASTRONOMICAL MODELS, GLOBULAR CLUSTERS, MILLIMETER WAVES, RADIO ASTRONOMY, RADIO TELESCOPES},
     year = 1978,
    month = dec,
   volume = 276,
    pages = {590},
      doi = {10.1038/276590a0},
   adsurl = {http://adsabs.harvard.edu/abs/1978Natur.276..590O},
  adsnote = {Provided by the SAO/NASA Astrophysics Data System}
}

@INPROCEEDINGS{2001SPIE.4273..104W,
   author = {{Werthimer}, D. and {Anderson}, D. and {Bowyer}, C.~S. and {Cobb}, J. and 
	{Heien}, E. and {Korpela}, E.~J. and {Lampton}, M.~L. and {Lebofsky}, M. and 
	{Marcy}, G.~W. and {McGarry}, M. and {Treffers}, D.},
    title = "{Berkeley radio and optical SETI programs: SETI@home, SERENDIP, and SEVENDIP}",
booktitle = {Society of Photo-Optical Instrumentation Engineers (SPIE) Conference Series},
     year = 2001,
   series = {Society of Photo-Optical Instrumentation Engineers (SPIE) Conference Series},
   volume = 4273,
   editor = "{S.~A.~Kingsley \& R.~Bhathal}",
    month = aug,
    pages = {104-109},
   adsurl = {http://adsabs.harvard.edu/abs/2001SPIE.4273..104W},
  adsnote = {Provided by the SAO/NASA Astrophysics Data System}
}

@ARTICLE{2011ApJ...728...57L,
   author = {{Law}, C.~J. and {Gaensler}, B.~M. and {Bower}, G.~C. and {Backer}, D.~C. and 
	{Bauermeister}, A. and {Croft}, S. and {Forster}, R. and {Gutierrez-Kraybill}, C. and 
	{Harvey-Smith}, L. and {Heiles}, C. and {Hull}, C. and {Keating}, G. and 
	{MacMahon}, D. and {Whysong}, D. and {Williams}, P.~K.~G. and 
	{Wright}, M.},
    title = "{Spectropolarimetry with the Allen Telescope Array: Faraday Rotation Toward Bright Polarized Radio Galaxies}",
  journal = {\apj},
archivePrefix = "arXiv",
   eprint = {1012.0945},
 primaryClass = "astro-ph.CO",
 keywords = {galaxies: magnetic fields, radio continuum: galaxies, surveys, techniques: polarimetric},
     year = 2011,
    month = feb,
   volume = 728,
      eid = {57},
    pages = {57},
      doi = {10.1088/0004-637X/728/1/57},
   adsurl = {http://adsabs.harvard.edu/abs/2011ApJ...728...57L},
  adsnote = {Provided by the SAO/NASA Astrophysics Data System}
}

@ARTICLE{2010PASP..122.1510H,
   author = {{Hull}, C.~L.~H. and {Bower}, G.~C. and {Croft}, S. and {Williams}, P.~K.~G. and 
	{Law}, C. and {Whysong}, D.},
    title = "{Primary-Beam Shape Calibration from Mosaicked, Interferometric Observations}",
  journal = {\pasp},
archivePrefix = "arXiv",
   eprint = {1010.1064},
 primaryClass = "astro-ph.IM",
 keywords = {Data Analysis and Techniques},
     year = 2010,
    month = dec,
   volume = 122,
    pages = {1510-1517},
      doi = {10.1086/657588},
   adsurl = {http://adsabs.harvard.edu/abs/2010PASP..122.1510H},
  adsnote = {Provided by the SAO/NASA Astrophysics Data System}
}

@ARTICLE{2011MNRAS.417.2642M,
   author = {{Magro}, A. and {Karastergiou}, A. and {Salvini}, S. and {Mort}, B. and 
	{Dulwich}, F. and {Zarb Adami}, K.},
    title = "{Real-time, fast radio transient searches with GPU de-dispersion}",
  journal = {\mnras},
archivePrefix = "arXiv",
   eprint = {1107.2516},
 primaryClass = "astro-ph.IM",
 keywords = {instrumentation: miscellaneous},
     year = 2011,
    month = nov,
   volume = 417,
    pages = {2642-2650},
      doi = {10.1111/j.1365-2966.2011.19426.x},
   adsurl = {http://adsabs.harvard.edu/abs/2011MNRAS.417.2642M},
  adsnote = {Provided by the SAO/NASA Astrophysics Data System}
}

@ARTICLE{2011ApJ...740...87C,
   author = {{Croft}, S. and {Tomsick}, J.~A. and {Bower}, G.~C.},
    title = "{X-Ray Observations of Radio Transients without Optical Hosts}",
  journal = {\apj},
archivePrefix = "arXiv",
   eprint = {1107.5039},
 primaryClass = "astro-ph.HE",
 keywords = {radio continuum: general, stars: activity, stars: flare, stars: neutron, supernovae: general, X-rays: general},
     year = 2011,
    month = oct,
   volume = 740,
      eid = {87},
    pages = {87},
      doi = {10.1088/0004-637X/740/2/87},
   adsurl = {http://adsabs.harvard.edu/abs/2011ApJ...740...87C},
  adsnote = {Provided by the SAO/NASA Astrophysics Data System}
}

@ARTICLE{2011ApJ...733L..20W,
   author = {{Williams}, P.~K.~G. and {Tomsick}, J.~A. and {Bodaghee}, A. and 
	{Bower}, G.~C. and {Pooley}, G.~G. and {Pottschmidt}, K. and 
	{Rodriguez}, J. and {Wilms}, J. and {Migliari}, S. and {Trushkin}, S.~A.
	},
    title = "{The 2010 May Flaring Episode of Cygnus X-3 in Radio, X-rays, and {$\gamma$}-rays}",
  journal = {\apjl},
archivePrefix = "arXiv",
   eprint = {1104.5248},
 primaryClass = "astro-ph.HE",
 keywords = {black hole physics, X-rays: binaries, X-rays: individual: Cygnus X-3},
     year = 2011,
    month = jun,
   volume = 733,
      eid = {L20},
    pages = {L20},
      doi = {10.1088/2041-8205/733/2/L20},
   adsurl = {http://adsabs.harvard.edu/abs/2011ApJ...733L..20W},
  adsnote = {Provided by the SAO/NASA Astrophysics Data System}
}

@ARTICLE{2011ApJ...742...12L,
   author = {{Law}, C.~J. and {Jones}, G. and {Backer}, D.~C. and {Barott}, W.~C. and 
	{Bower}, G.~C. and {Gutierrez-Kraybill}, C. and {Williams}, P.~K.~G. and 
	{Werthimer}, D.},
    title = "{Millisecond Imaging of Radio Transients with the Pocket Correlator}",
  journal = {\apj},
archivePrefix = "arXiv",
   eprint = {1106.4876},
 primaryClass = "astro-ph.IM",
 keywords = {galaxies: ISM, intergalactic medium, methods: data analysis, pulsars: individual: B0329+54 Crab, techniques: interferometric},
     year = 2011,
    month = nov,
   volume = 742,
      eid = {12},
    pages = {12},
      doi = {10.1088/0004-637X/742/1/12},
   adsurl = {http://adsabs.harvard.edu/abs/2011ApJ...742...12L},
  adsnote = {Provided by the SAO/NASA Astrophysics Data System}
}

@ARTICLE{2011ApJ...739...76B,
   author = {{Bower}, G.~C. and {Whysong}, D. and {Blair}, S. and {Croft}, S. and 
	{Keating}, G. and {Law}, C. and {Williams}, P.~K.~G. and {Wright}, M.~C.~H.
	},
    title = "{The Allen Telescope Array Pi-GHz Sky Survey II. Daily and Monthly Monitoring for Transients and Variability in the Bo{\"o}tes Field}",
  journal = {\apj},
archivePrefix = "arXiv",
   eprint = {1107.1517},
 primaryClass = "astro-ph.HE",
 keywords = {radio continuum: galaxies, radio continuum: general, radio continuum: stars, surveys},
     year = 2011,
    month = oct,
   volume = 739,
      eid = {76},
    pages = {76},
      doi = {10.1088/0004-637X/739/2/76},
   adsurl = {http://adsabs.harvard.edu/abs/2011ApJ...739...76B},
  adsnote = {Provided by the SAO/NASA Astrophysics Data System}
}

@ARTICLE{2012ApJ...744..109S,
   author = {{Siemion}, A.~P.~V. and {Bower}, G.~C. and {Foster}, G. and 
    {McMahon}, P.~L. and {Wagner}, M.~I. and {Werthimer}, D. and 
    {Backer}, D. and {Cordes}, J. and {van Leeuwen}, J.},
title = "{The Allen Telescope Array Fly's Eye Survey for Fast Radio Transients}",
  journal = {\apj},
archivePrefix = "arXiv",
   eprint = {1109.2659},
 primaryClass = "astro-ph.HE",
 keywords = {instrumentation: detectors, intergalactic medium, methods: data analysis, pulsars: general, radio continuum: general},
     year = 2012,
    month = jan,
   volume = 744,
      eid = {109},
    pages = {109},
      doi = {10.1088/0004-637X/744/2/109},
   adsurl = {http://adsabs.harvard.edu/abs/2012ApJ...744..109S},
  adsnote = {Provided by the SAO/NASA Astrophysics Data System}
}

@ARTICLE{2011ApJ...731...36L,
   author = {{Law}, C.~J. and {Brentjens}, M.~A. and {Novak}, G.},
    title = "{A Constraint on the Organization of the Galactic Center Magnetic Field Using Faraday Rotation}",
  journal = {\apj},
archivePrefix = "arXiv",
   eprint = {1102.2204},
 primaryClass = "astro-ph.GA",
 keywords = {galaxies: magnetic fields, Galaxy: center, radio continuum: general, techniques: polarimetric},
     year = 2011,
    month = apr,
   volume = 731,
      eid = {36},
    pages = {36},
      doi = {10.1088/0004-637X/731/1/36},
   adsurl = {http://adsabs.harvard.edu/abs/2011ApJ...731...36L},
  adsnote = {Provided by the SAO/NASA Astrophysics Data System}
}

@ARTICLE{2010ApJ...724..827C,
   author = {{Croft}, S. and {Bower}, G.~C. and {Ackermann}, R. and {Atkinson}, S. and 
	{Backer}, D. and {Backus}, P. and {Barott}, W.~C. and {Bauermeister}, A. and 
	{Blitz}, L. and {Bock}, D. and {Bradford}, T. and {Cheng}, C. and 
	{Cork}, C. and {Davis}, M. and {DeBoer}, D. and {Dexter}, M. and 
	{Dreher}, J. and {Engargiola}, G. and {Fields}, E. and {Fleming}, M. and 
	{Forster}, J.~R. and {Gutierrez-Kraybill}, C. and {Harp}, G. and 
	{Helfer}, T. and {Hull}, C. and {Jordan}, J. and {Jorgensen}, S. and 
	{Keating}, G. and {Kilsdonk}, T. and {Law}, C. and {van Leeuwen}, J. and 
	{Lugten}, J. and {MacMahon}, D. and {McMahon}, P. and {Milgrome}, O. and 
	{Pierson}, T. and {Randall}, K. and {Ross}, J. and {Shostak}, S. and 
	{Siemion}, A. and {Smolek}, K. and {Tarter}, J. and {Thornton}, D. and 
	{Urry}, L. and {Vitouchkine}, A. and {Wadefalk}, N. and {Welch}, J. and 
	{Werthimer}, D. and {Whysong}, D. and {Williams}, P.~K.~G. and 
	{Wright}, M.},
    title = "{Erratum: ''The Allen Telescope Array Twenty-centimeter Survey--A 690 Deg$^{2}$, 12 Epoch Radio Data Set. I. Catalog and Long-duration Transient Statistics'' <A href=''/abs/2010ApJ...719...45C''>(2010, ApJ, 719, 45)</A>}",
  journal = {\apj},
     year = 2010,
    month = nov,
   volume = 724,
    pages = {827},
      doi = {10.1088/0004-637X/724/1/827},
   adsurl = {http://adsabs.harvard.edu/abs/2010ApJ...724..827C},
  adsnote = {Provided by the SAO/NASA Astrophysics Data System}
}

@ARTICLE{2011arXiv1111.0685A,
   author = {{Anderson}, M.~M. and {Siemion}, A.~P.~V. and {Barott}, W.~C. and 
	{Bower}, G.~C. and {Delory}, G.~T. and {de Pater}, I. and {Werthimer}, D.
	},
    title = "{The Allen Telescope Array Search for Electrostatic Discharges on Mars}",
  journal = {ArXiv e-prints},
archivePrefix = "arXiv",
   eprint = {1111.0685},
 primaryClass = "astro-ph.EP",
 keywords = {Astrophysics - Earth and Planetary Astrophysics},
     year = 2011,
    month = nov,
   adsurl = {http://adsabs.harvard.edu/abs/2011arXiv1111.0685A},
  adsnote = {Provided by the SAO/NASA Astrophysics Data System}
}

@ARTICLE{2011arXiv1110.1631C,
   author = {{Cai}, Y.-F. and {Sabancilar}, E. and {Vachaspati}, T.},
    title = "{Radio bursts from superconducting strings}",
  journal = {ArXiv e-prints},
archivePrefix = "arXiv",
   eprint = {1110.1631},
 primaryClass = "astro-ph.CO",
 keywords = {Astrophysics - Cosmology and Extragalactic Astrophysics, High Energy Physics - Phenomenology, High Energy Physics - Theory},
     year = 2011,
    month = oct,
   adsurl = {http://adsabs.harvard.edu/abs/2011arXiv1110.1631C},
  adsnote = {Provided by the SAO/NASA Astrophysics Data System}
}

@ARTICLE{2011ApJ...740...32B,
   author = {{Bower}, G.~C. and {Bolatto}, A. and {Ford}, E.~B. and {Fries}, A. and 
	{Kalas}, P. and {Sanchez}, K. and {Sanderbeck}, P. and {Viscomi}, V.
	},
    title = "{Radio Interferometric Planet Search. II. Constraints on Sub-jupiter-mass Companions to GJ-896A}",
  journal = {\apj},
archivePrefix = "arXiv",
   eprint = {1107.3180},
 primaryClass = "astro-ph.SR",
 keywords = {astrometry, planetary systems, radio continuum: stars, stars: activity, stars: early-type},
     year = 2011,
    month = oct,
   volume = 740,
      eid = {32},
    pages = {32},
      doi = {10.1088/0004-637X/740/1/32},
   adsurl = {http://adsabs.harvard.edu/abs/2011ApJ...740...32B},
  adsnote = {Provided by the SAO/NASA Astrophysics Data System}
}

@ARTICLE{2012ApJ...748...73S,
   author = {{Spitler}, L.~G. and {Cordes}, J.~M. and {Chatterjee}, S. and 
	{Stone}, J.},
    title = "{Multimoment Radio Transient Detection}",
  journal = {\apj},
archivePrefix = "arXiv",
   eprint = {1109.6677},
 primaryClass = "astro-ph.IM",
 keywords = {methods: data analysis, pulsars: general},
     year = 2012,
    month = apr,
   volume = 748,
      eid = {73},
    pages = {73},
      doi = {10.1088/0004-637X/748/2/73},
   adsurl = {http://adsabs.harvard.edu/abs/2012ApJ...748...73S},
  adsnote = {Provided by the SAO/NASA Astrophysics Data System}
}

@INPROCEEDINGS{1999ASPC..180..127B,
   author = {{Briggs}, D.~S. and {Schwab}, F.~R. and {Sramek}, R.~A.},
    title = "{Imaging}",
booktitle = {Synthesis Imaging in Radio Astronomy II},
     year = 1999,
   series = {Astronomical Society of the Pacific Conference Series},
   volume = 180,
   editor = "{G.~B.~Taylor, C.~L.~Carilli, \& R.~A.~Perley}",
    pages = {127},
   adsurl = {http://adsabs.harvard.edu/abs/1999ASPC..180..127B},
  adsnote = {Provided by the SAO/NASA Astrophysics Data System}
}

@ARTICLE{h11,
author={Harp, G.R. and Ackermann, R.F. and Nadler, Z.J. and Blair, S.K. and Davis, M.M. and Wright, M.C.H. and Forster, J.R. and DeBoer, D.R. and Welch, W.J. and Atkinson, S. and Backer, D.C. and Backus, P.R. and Barott, W. and Bauermeister, A. and Blitz, L. and Bock, D.C.-J. and Bower, G.C. and Bradford, T. and Cheng, C. and Croft, S. and Dexter, M. and Dreher, J. and Engargiola, G. and Fields, E.D. and Heiles, C. and Helfer, T. and Jordan, J. and Jorgensen, S. and Kilsdonk, T. and Gutierrez-Kraybill, C. and Keating, G. and Law, C. and Lugten, J. and MacMahon, D.H.E. and McMahon, P. and Milgrome, O. and Siemion, A. and Smolek, K. and Thornton, D. and Pierson, T. and Randall, K. and Ross, J. and Shostak, S. and Tarter, J.C. and Urry, L. and Werthimer, D. and Williams, P.K.G. and Whysong, D.}, 
journal={Antennas and Propagation, IEEE Transactions on}, 
title="{Primary Beam and Dish Surface Characterization at the Allen Telescope Array by Radio Holography}", 
year={2011}, 
month={jun}, 
volume={59}, 
number={6}, 
pages={2004-2021}, 
doi={10.1109/TAP.2011.2122214}, 
ISSN={0018-926X},}

@ARTICLE{2011arXiv1107.4264C,
   author = {{Clark}, M.~A. and {La Plante}, P.~C. and {Greenhill}, L.~J.
	},
    title = "{Accelerating Radio Astronomy Cross-Correlation with Graphics Processing Units}",
  journal = {ArXiv e-prints},
archivePrefix = "arXiv",
   eprint = {1107.4264},
 primaryClass = "astro-ph.IM",
 keywords = {Astrophysics - Instrumentation and Methods for Astrophysics, Computer Science - Computational Engineering, Finance, and Science},
     year = 2011,
    month = jul,
   adsurl = {http://adsabs.harvard.edu/abs/2011arXiv1107.4264C},
  adsnote = {Provided by the SAO/NASA Astrophysics Data System}
}

@ARTICLE{2011A&A...530A..80S,
   author = {{Stappers}, B.~W. and {Hessels}, J.~W.~T. and {Alexov}, A. and 
	{Anderson}, K. and {Coenen}, T. and {Hassall}, T. and {Karastergiou}, A. and 
	{Kondratiev}, V.~I. and {Kramer}, M. and {van Leeuwen}, J. and 
	{Mol}, J.~D. and {Noutsos}, A. and {Romein}, J.~W. and {Weltevrede}, P. and 
	{Fender}, R. and {Wijers}, R.~A.~M.~J. and {B{\"a}hren}, L. and 
	{Bell}, M.~E. and {Broderick}, J. and {Daw}, E.~J. and {Dhillon}, V.~S. and 
	{Eisl{\"o}ffel}, J. and {Falcke}, H. and {Griessmeier}, J. and 
	{Law}, C. and {Markoff}, S. and {Miller-Jones}, J.~C.~A. and 
	{Scheers}, B. and {Spreeuw}, H. and {Swinbank}, J. and {Ter Veen}, S. and 
	{Wise}, M.~W. and {Wucknitz}, O. and {Zarka}, P. and {Anderson}, J. and 
	{Asgekar}, A. and {Avruch}, I.~M. and {Beck}, R. and {Bennema}, P. and 
	{Bentum}, M.~J. and {Best}, P. and {Bregman}, J. and {Brentjens}, M. and 
	{van de Brink}, R.~H. and {Broekema}, P.~C. and {Brouw}, W.~N. and 
	{Br{\"u}ggen}, M. and {de Bruyn}, A.~G. and {Butcher}, H.~R. and 
	{Ciardi}, B. and {Conway}, J. and {Dettmar}, R.-J. and {van Duin}, A. and 
	{van Enst}, J. and {Garrett}, M. and {Gerbers}, M. and {Grit}, T. and 
	{Gunst}, A. and {van Haarlem}, M.~P. and {Hamaker}, J.~P. and 
	{Heald}, G. and {Hoeft}, M. and {Holties}, H. and {Horneffer}, A. and 
	{Koopmans}, L.~V.~E. and {Kuper}, G. and {Loose}, M. and {Maat}, P. and 
	{McKay-Bukowski}, D. and {McKean}, J.~P. and {Miley}, G. and 
	{Morganti}, R. and {Nijboer}, R. and {Noordam}, J.~E. and {Norden}, M. and 
	{Olofsson}, H. and {Pandey-Pommier}, M. and {Polatidis}, A. and 
	{Reich}, W. and {R{\"o}ttgering}, H. and {Schoenmakers}, A. and 
	{Sluman}, J. and {Smirnov}, O. and {Steinmetz}, M. and {Sterks}, C.~G.~M. and 
	{Tagger}, M. and {Tang}, Y. and {Vermeulen}, R. and {Vermaas}, N. and 
	{Vogt}, C. and {de Vos}, M. and {Wijnholds}, S.~J. and {Yatawatta}, S. and 
	{Zensus}, A.},
    title = "{Observing pulsars and fast transients with LOFAR}",
  journal = {\aap},
archivePrefix = "arXiv",
   eprint = {1104.1577},
 primaryClass = "astro-ph.IM",
 keywords = {telescopes, pulsars: general, instrumentation: interferometers, methods: observational, stars: neutron, ISM: general},
     year = 2011,
    month = jun,
   volume = 530,
      eid = {A80},
    pages = {A80},
      doi = {10.1051/0004-6361/201116681},
   adsurl = {http://adsabs.harvard.edu/abs/2011A%26A...530A..80S},
  adsnote = {Provided by the SAO/NASA Astrophysics Data System}
}

@ARTICLE{1977A&A....61...99B,
   author = {{Baars}, J.~W.~M. and {Genzel}, R. and {Pauliny-Toth}, I.~I.~K. and 
	{Witzel}, A.},
    title = "{The absolute spectrum of CAS A - an accurate flux density scale and a set of secondary calibrators}",
  journal = {\aap},
 keywords = {CALIBRATING, CASSIOPEIA A, RADIANT FLUX DENSITY, RADIO SPECTRA, RADIO TELESCOPES, INSTRUMENT ERRORS, RADIO ASTRONOMY, SECULAR VARIATIONS},
     year = 1977,
    month = oct,
   volume = 61,
    pages = {99-106},
   adsurl = {http://adsabs.harvard.edu/abs/1977A%26A....61...99B},
  adsnote = {Provided by the SAO/NASA Astrophysics Data System}
}


@ARTICLE{2011arXiv1111.4216W,
   author = {{Wharton}, R.~S. and {Chatterjee}, S. and {Cordes}, J.~M. and 
	{Deneva}, J.~S. and {Lazio}, T.~J.~W.},
    title = "{Multiwavelength Constraints on Pulsar Populations in the Galactic Center}",
  journal = {ArXiv e-prints},
archivePrefix = "arXiv",
   eprint = {1111.4216},
 primaryClass = "astro-ph.HE",
 keywords = {Astrophysics - High Energy Astrophysical Phenomena},
     year = 2011,
    month = nov,
   adsurl = {http://adsabs.harvard.edu/abs/2011arXiv1111.4216W},
  adsnote = {Provided by the SAO/NASA Astrophysics Data System}
}

@ARTICLE{2011ApJ...734...20M,
   author = {{Macquart}, J.-P.},
    title = "{Detection Rates for Surveys for Fast Transients with Next Generation Radio Arrays}",
  journal = {\apj},
archivePrefix = "arXiv",
   eprint = {1106.5817},
 primaryClass = "astro-ph.GA",
 keywords = {ISM: structure, scattering, surveys, techniques: interferometric},
     year = 2011,
    month = jun,
   volume = 734,
      eid = {20},
    pages = {20},
      doi = {10.1088/0004-637X/734/1/20},
   adsurl = {http://adsabs.harvard.edu/abs/2011ApJ...734...20M},
  adsnote = {Provided by the SAO/NASA Astrophysics Data System}
}

@ARTICLE{2009arXiv0910.2935B,
   author = {{Booth}, R.~S. and {de Blok}, W.~J.~G. and {Jonas}, J.~L. and 
	{Fanaroff}, B.},
    title = "{MeerKAT Key Project Science, Specifications, and Proposals}",
  journal = {ArXiv e-prints},
archivePrefix = "arXiv",
   eprint = {0910.2935},
 primaryClass = "astro-ph.IM",
 keywords = {Astrophysics - Instrumentation and Methods for Astrophysics},
     year = 2009,
    month = oct,
   adsurl = {http://adsabs.harvard.edu/abs/2009arXiv0910.2935B},
  adsnote = {Provided by the SAO/NASA Astrophysics Data System}
}

@INPROCEEDINGS{2002SPIE.4836..154K,
   author = {{Kaiser}, N. and {Aussel}, H. and {Burke}, B.~E. and {Boesgaard}, H. and 
	{Chambers}, K. and {Chun}, M.~R. and {Heasley}, J.~N. and {Hodapp}, K.-W. and 
	{Hunt}, B. and {Jedicke}, R. and {Jewitt}, D. and {Kudritzki}, R. and 
	{Luppino}, G.~A. and {Maberry}, M. and {Magnier}, E. and {Monet}, D.~G. and 
	{Onaka}, P.~M. and {Pickles}, A.~J. and {Rhoads}, P.~H.~H. and 
	{Simon}, T. and {Szalay}, A. and {Szapudi}, I. and {Tholen}, D.~J. and 
	{Tonry}, J.~L. and {Waterson}, M. and {Wick}, J.},
    title = "{Pan-STARRS: A Large Synoptic Survey Telescope Array}",
booktitle = {Society of Photo-Optical Instrumentation Engineers (SPIE) Conference Series},
     year = 2002,
   series = {Society of Photo-Optical Instrumentation Engineers (SPIE) Conference Series},
   volume = 4836,
   editor = "{J.~A.~Tyson \& S.~Wolff}",
    month = dec,
    pages = {154-164},
      doi = {10.1117/12.457365},
   adsurl = {http://adsabs.harvard.edu/abs/2002SPIE.4836..154K},
  adsnote = {Provided by the SAO/NASA Astrophysics Data System}
}

@ARTICLE{2005ApJ...623.1115C,
   author = {{Cushing}, M.~C. and {Rayner}, J.~T. and {Vacca}, W.~D.},
    title = "{An Infrared Spectroscopic Sequence of M, L, and T Dwarfs}",
  journal = {\apj},
   eprint = {arXiv:astro-ph/0412313},
 keywords = {Infrared: Stars, Stars: Fundamental Parameters, Stars: Individual: Alphanumeric: 2MASS J2224381-0158521, Stars: Late-Type, Stars: Low-Mass, Brown Dwarfs},
     year = 2005,
    month = apr,
   volume = 623,
    pages = {1115-1140},
      doi = {10.1086/428040},
   adsurl = {http://adsabs.harvard.edu/abs/2005ApJ...623.1115C},
  adsnote = {Provided by the SAO/NASA Astrophysics Data System}
}

@ARTICLE{1978JGR....83.2637K,
   author = {{Kessler}, D.~J. and {Cour-Palais}, B.~G.},
    title = "{Collision frequency of artificial satellites: The creation of a debris belt}",
  journal = {\jgr},
     year = 1978,
    month = jun,
   volume = 83,
    pages = {2637-2646},
      doi = {10.1029/JA083iA06p02637},
   adsurl = {http://adsabs.harvard.edu/abs/1978JGR....83.2637K},
  adsnote = {Provided by the SAO/NASA Astrophysics Data System}
}

@ARTICLE{2008ExA....22..151J,
   author = {{Johnston}, S. and {Taylor}, R. and {Bailes}, M. and {Bartel}, N. and 
	{Baugh}, C. and {Bietenholz}, M. and {Blake}, C. and {Braun}, R. and 
	{Brown}, J. and {Chatterjee}, S. and {Darling}, J. and {Deller}, A. and 
	{Dodson}, R. and {Edwards}, P. and {Ekers}, R. and {Ellingsen}, S. and 
	{Feain}, I. and {Gaensler}, B. and {Haverkorn}, M. and {Hobbs}, G. and 
	{Hopkins}, A. and {Jackson}, C. and {James}, C. and {Joncas}, G. and 
	{Kaspi}, V. and {Kilborn}, V. and {Koribalski}, B. and {Kothes}, R. and 
	{Landecker}, T. and {Lenc}, A. and {Lovell}, J. and {Macquart}, J.-P. and 
	{Manchester}, R. and {Matthews}, D. and {McClure-Griffiths}, N. and 
	{Norris}, R. and {Pen}, U.-L. and {Phillips}, C. and {Power}, C. and 
	{Protheroe}, R. and {Sadler}, E. and {Schmidt}, B. and {Stairs}, I. and 
	{Staveley-Smith}, L. and {Stil}, J. and {Tingay}, S. and {Tzioumis}, A. and 
	{Walker}, M. and {Wall}, J. and {Wolleben}, M.},
    title = "{Science with ASKAP. The Australian square-kilometre-array pathfinder}",
  journal = {Experimental Astronomy},
archivePrefix = "arXiv",
   eprint = {0810.5187},
 keywords = {Radio astronomy techniques, Radio telescopes, Square kilometre array, Very long baseline interferometry, Extragalactic HI, Radio continuum surveys, Cosmological evolution, Galaxy formation, Star formation, Rotation measure, Extragalactic radio source polarization, Galactic structure, Galactic magnetic field, Magellenic clouds, Pulsars, Radio transient sources, Gamma-ray bursters, Intra-day variability},
     year = 2008,
    month = dec,
   volume = 22,
    pages = {151-273},
      doi = {10.1007/s10686-008-9124-7},
   adsurl = {http://adsabs.harvard.edu/abs/2008ExA....22..151J},
  adsnote = {Provided by the SAO/NASA Astrophysics Data System}
}

@ARTICLE{2011PASP..123..275D,
   author = {{Deller}, A.~T. and {Brisken}, W.~F. and {Phillips}, C.~J. and 
	{Morgan}, J. and {Alef}, W. and {Cappallo}, R. and {Middelberg}, E. and 
	{Romney}, J. and {Rottmann}, H. and {Tingay}, S.~J. and {Wayth}, R.
	},
    title = "{DiFX-2: A More Flexible, Efficient, Robust, and Powerful Software Correlator}",
  journal = {\pasp},
archivePrefix = "arXiv",
   eprint = {1101.0885},
 primaryClass = "astro-ph.IM",
 keywords = {Astronomical Instrumentation},
     year = 2011,
    month = mar,
   volume = 123,
    pages = {275-287},
      doi = {10.1086/658907},
   adsurl = {http://adsabs.harvard.edu/abs/2011PASP..123..275D},
  adsnote = {Provided by the SAO/NASA Astrophysics Data System}
}

@INPROCEEDINGS{2009SPIE.7436E..17L,
   author = {{Lazio}, J. and {Carilli}, C. and {Hewitt}, J. and {Furlanetto}, S. and 
	{Burns}, J.},
    title = "{The lunar radio array (LRA)}",
booktitle = {Society of Photo-Optical Instrumentation Engineers (SPIE) Conference Series},
     year = 2009,
   series = {Society of Photo-Optical Instrumentation Engineers (SPIE) Conference Series},
   volume = 7436,
    month = aug,
      doi = {10.1117/12.827955},
   adsurl = {http://adsabs.harvard.edu/abs/2009SPIE.7436E..17L},
  adsnote = {Provided by the SAO/NASA Astrophysics Data System}
}

@ARTICLE{2016MNRAS.458L..89C,
   author = {{Connor}, L. and {Pen}, U.-L. and {Oppermann}, N.},
    title = "{FRB repetition and non-Poissonian statistics}",
  journal = {\mnras},
archivePrefix = "arXiv",
   eprint = {1601.04051},
 primaryClass = "astro-ph.HE",
 keywords = {methods: statistical, pulsars: general},
     year = 2016,
    month = may,
   volume = 458,
    pages = {L89-L93},
      doi = {10.1093/mnrasl/slw026},
   adsurl = {http://adsabs.harvard.edu/abs/2016MNRAS.458L..89C},
  adsnote = {Provided by the SAO/NASA Astrophysics Data System}
}

@ARTICLE{2016Natur.531..202S,
   author = {{Spitler}, L.~G. and {Scholz}, P. and {Hessels}, J.~W.~T. and 
	{Bogdanov}, S. and {Brazier}, A. and {Camilo}, F. and {Chatterjee}, S. and 
	{Cordes}, J.~M. and {Crawford}, F. and {Deneva}, J. and {Ferdman}, R.~D. and 
	{Freire}, P.~C.~C. and {Kaspi}, V.~M. and {Lazarus}, P. and 
	{Lynch}, R. and {Madsen}, E.~C. and {McLaughlin}, M.~A. and 
	{Patel}, C. and {Ransom}, S.~M. and {Seymour}, A. and {Stairs}, I.~H. and 
	{Stappers}, B.~W. and {van Leeuwen}, J. and {Zhu}, W.~W.},
    title = "{A repeating fast radio burst}",
  journal = {\nat},
archivePrefix = "arXiv",
   eprint = {1603.00581},
 primaryClass = "astro-ph.HE",
     year = 2016,
    month = mar,
   volume = 531,
    pages = {202-205},
      doi = {10.1038/nature17168},
   adsurl = {http://adsabs.harvard.edu/abs/2016Natur.531..202S},
  adsnote = {Provided by the SAO/NASA Astrophysics Data System}
}

@ARTICLE{2016MPLA...3130013K,
   author = {{Katz}, J.~I.},
    title = "{Fast radio bursts {\mdash} A brief review: Some questions, fewer answers}",
  journal = {Modern Physics Letters A},
archivePrefix = "arXiv",
   eprint = {1604.01799},
 primaryClass = "astro-ph.HE",
 keywords = {Fast radio bursts, pulsars, soft gamma repeaters, magnetars, intergalactic medium, nanoshots, giant pulses, Neutron stars, Other topics on stars, Radio sources},
     year = 2016,
    month = apr,
   volume = 31,
      eid = {1630013},
    pages = {1630013},
      doi = {10.1142/S0217732316300135},
   adsurl = {http://adsabs.harvard.edu/abs/2016MPLA...3130013K},
  adsnote = {Provided by the SAO/NASA Astrophysics Data System}
}

@ARTICLE{2015MNRAS.454..457P,
   author = {{Petroff}, E. and {Johnston}, S. and {Keane}, E.~F. and {van Straten}, W. and 
	{Bailes}, M. and {Barr}, E.~D. and {Barsdell}, B.~R. and {Burke-Spolaor}, S. and 
	{Caleb}, M. and {Champion}, D.~J. and {Flynn}, C. and {Jameson}, A. and 
	{Kramer}, M. and {Ng}, C. and {Possenti}, A. and {Stappers}, B.~W.
	},
    title = "{A survey of FRB fields: limits on repeatability}",
  journal = {\mnras},
archivePrefix = "arXiv",
   eprint = {1508.04884},
 primaryClass = "astro-ph.HE",
 keywords = {methods: observational, stars: magnetars, pulsars: general, radio continuum: stars},
     year = 2015,
    month = nov,
   volume = 454,
    pages = {457-462},
      doi = {10.1093/mnras/stv1953},
   adsurl = {http://adsabs.harvard.edu/abs/2015MNRAS.454..457P},
  adsnote = {Provided by the SAO/NASA Astrophysics Data System}
}

@ARTICLE{2016MNRAS.457..232C,
   author = {{Cordes}, J.~M. and {Wasserman}, I.},
    title = "{Supergiant pulses from extragalactic neutron stars}",
  journal = {\mnras},
archivePrefix = "arXiv",
   eprint = {1501.00753},
 primaryClass = "astro-ph.HE",
 keywords = {gravitational lensing: micro, relativistic processes, stars: neutron},
     year = 2016,
    month = mar,
   volume = 457,
    pages = {232-257},
      doi = {10.1093/mnras/stv2948},
   adsurl = {http://adsabs.harvard.edu/abs/2016MNRAS.457..232C},
  adsnote = {Provided by the SAO/NASA Astrophysics Data System}
}

@ARTICLE{2014ApJ...785L..26L,
   author = {{Luan}, J. and {Goldreich}, P.},
    title = "{Physical Constraints on Fast Radio Bursts}",
  journal = {\apjl},
archivePrefix = "arXiv",
   eprint = {1401.1795},
 primaryClass = "astro-ph.HE",
 keywords = {radio continuum: general},
     year = 2014,
    month = apr,
   volume = 785,
      eid = {L26},
    pages = {L26},
      doi = {10.1088/2041-8205/785/2/L26},
   adsurl = {http://adsabs.harvard.edu/abs/2014ApJ...785L..26L},
  adsnote = {Provided by the SAO/NASA Astrophysics Data System}
}

@ARTICLE{2014PhRvD..89j3009K,
   author = {{Katz}, J.~I.},
    title = "{Coherent emission in fast radio bursts}",
  journal = {\prd},
archivePrefix = "arXiv",
   eprint = {1309.3538},
 primaryClass = "astro-ph.HE",
 keywords = {Radiation mechanisms, polarization, Radio microwave, Unidentified sources of radiation outside the Solar System},
     year = 2014,
    month = may,
   volume = 89,
   number = 10,
      eid = {103009},
    pages = {103009},
      doi = {10.1103/PhysRevD.89.103009},
   adsurl = {http://adsabs.harvard.edu/abs/2014PhRvD..89j3009K},
  adsnote = {Provided by the SAO/NASA Astrophysics Data System}
}

@ARTICLE{2015ApJ...807...16L,
   author = {{Law}, C.~J. and {Bower}, G.~C. and {Burke-Spolaor}, S. and 
	{Butler}, B. and {Lawrence}, E. and {Lazio}, T.~J.~W. and {Mattmann}, C.~A. and 
	{Rupen}, M. and {Siemion}, A. and {VanderWiel}, S.},
    title = "{A Millisecond Interferometric Search for Fast Radio Bursts with the Very Large Array}",
  journal = {\apj},
archivePrefix = "arXiv",
   eprint = {1412.7536},
 primaryClass = "astro-ph.HE",
 keywords = {instrumentation: interferometers, intergalactic medium, pulsars: general, radio continuum: general, surveys},
     year = 2015,
    month = jul,
   volume = 807,
      eid = {16},
    pages = {16},
      doi = {10.1088/0004-637X/807/1/16},
   adsurl = {http://adsabs.harvard.edu/abs/2015ApJ...807...16L},
  adsnote = {Provided by the SAO/NASA Astrophysics Data System}
}

@ARTICLE{2013A&A...558A..33A,
   author = {{Astropy Collaboration} and {Robitaille}, T.~P. and {Tollerud}, E.~J. and 
  {Greenfield}, P. and {Droettboom}, M. and {Bray}, E. and {Aldcroft}, T. and 
  {Davis}, M. and {Ginsburg}, A. and {Price-Whelan}, A.~M. and 
  {Kerzendorf}, W.~E. and {Conley}, A. and {Crighton}, N. and 
  {Barbary}, K. and {Muna}, D. and {Ferguson}, H. and {Grollier}, F. and 
  {Parikh}, M.~M. and {Nair}, P.~H. and {Unther}, H.~M. and {Deil}, C. and 
  {Woillez}, J. and {Conseil}, S. and {Kramer}, R. and {Turner}, J.~E.~H. and 
  {Singer}, L. and {Fox}, R. and {Weaver}, B.~A. and {Zabalza}, V. and 
  {Edwards}, Z.~I. and {Azalee Bostroem}, K. and {Burke}, D.~J. and 
  {Casey}, A.~R. and {Crawford}, S.~M. and {Dencheva}, N. and 
  {Ely}, J. and {Jenness}, T. and {Labrie}, K. and {Lim}, P.~L. and 
  {Pierfederici}, F. and {Pontzen}, A. and {Ptak}, A. and {Refsdal}, B. and 
  {Servillat}, M. and {Streicher}, O.},
    title = "{Astropy: A community Python package for astronomy}",
  journal = {\aap},
archivePrefix = "arXiv",
   eprint = {1307.6212},
 primaryClass = "astro-ph.IM",
 keywords = {methods: data analysis, methods: miscellaneous, virtual observatory tools},
     year = 2013,
    month = oct,
   volume = 558,
      eid = {A33},
    pages = {A33},
      doi = {10.1051/0004-6361/201322068},
   adsurl = {http://adsabs.harvard.edu/abs/2013A%26A...558A..33A},
  adsnote = {Provided by the SAO/NASA Astrophysics Data System}
}

@ARTICLE{2016arXiv161105758R,
   author = {{Ravi}, V. and {Shannon}, R.~M. and {Bailes}, M. and {Bannister}, K. and 
  {Bhandari}, S. and {Bhat}, N.~D.~R. and {Burke-Spolaor}, S. and 
  {Caleb}, M. and {Flynn}, C. and {Jameson}, A. and {Johnston}, S. and 
  {Keane}, E.~F. and {Kerr}, M. and {Tiburzi}, C. and {Tuntsov}, A.~V. and 
  {Vedantham}, H.~K.},
    title = "{The magnetic field and turbulence of the cosmic web measured using a brilliant fast radio burst}",
  journal = {ArXiv e-prints},
archivePrefix = "arXiv",
   eprint = {1611.05758},
 primaryClass = "astro-ph.HE",
 keywords = {Astrophysics - High Energy Astrophysical Phenomena, Astrophysics - Cosmology and Nongalactic Astrophysics},
     year = 2016,
    month = nov,
   adsurl = {http://adsabs.harvard.edu/abs/2016arXiv161105758R},
  adsnote = {Provided by the SAO/NASA Astrophysics Data System}
}

@ARTICLE{2016ApJ...830...75V,
   author = {{Vedantham}, H.~K. and {Ravi}, V. and {Hallinan}, G. and {Shannon}, R.~M.
  },
    title = "{The Fluence and Distance Distributions of Fast Radio Bursts}",
  journal = {\apj},
archivePrefix = "arXiv",
   eprint = {1606.06795},
 primaryClass = "astro-ph.HE",
 keywords = {cosmology: observations, extraterrestrial intelligence, methods: statistical, radio continuum: general },
     year = 2016,
    month = oct,
   volume = 830,
      eid = {75},
    pages = {75},
      doi = {10.3847/0004-637X/830/2/75},
   adsurl = {http://adsabs.harvard.edu/abs/2016ApJ...830...75V},
  adsnote = {Provided by the SAO/NASA Astrophysics Data System}
}

@ARTICLE{2016arXiv161100458L,
   author = {{Lawrence}, E. and {Vander Wiel}, S. and {Law}, C.~J. and {Burke Spolaor}, S. and 
  {Bower}, G.~C.},
    title = "{The Non-homogeneous Poisson Process for Fast Radio Burst Rates}",
  journal = {ArXiv e-prints},
archivePrefix = "arXiv",
   eprint = {1611.00458},
 primaryClass = "astro-ph.HE",
 keywords = {Astrophysics - High Energy Astrophysical Phenomena, Astrophysics - Instrumentation and Methods for Astrophysics, Statistics - Applications},
     year = 2016,
    month = nov,
   adsurl = {http://adsabs.harvard.edu/abs/2016arXiv161100458L},
  adsnote = {Provided by the SAO/NASA Astrophysics Data System}
}

@ARTICLE{2003ApJ...596.1142C,
   author = {{Cordes}, J.~M. and {McLaughlin}, M.~A.},
    title = "{Searches for Fast Radio Transients}",
  journal = {\apj},
   eprint = {astro-ph/0304364},
 keywords = {Extraterrestrial Intelligence, Gamma Rays: Bursts, Stars: Pulsars: General, Radio Continuum: General},
     year = 2003,
    month = oct,
   volume = 596,
    pages = {1142-1154},
      doi = {10.1086/378231},
   adsurl = {http://adsabs.harvard.edu/abs/2003ApJ...596.1142C},
  adsnote = {Provided by the SAO/NASA Astrophysics Data System}
}

@ARTICLE{2016arXiv160308880S,
   author = {{Scholz}, P. and {Spitler}, L.~G. and {Hessels}, J.~W.~T. and 
  {Chatterjee}, S. and {Cordes}, J.~M. and {Kaspi}, V.~M. and 
  {Wharton}, R.~S. and {Bassa}, C.~G. and {Bogdanov}, S. and {Camilo}, F. and 
  {Crawford}, F. and {Deneva}, J. and {van Leeuwen}, J. and {Lynch}, R. and 
  {Madsen}, E.~C. and {McLaughlin}, M.~A. and {Mickaliger}, M. and 
  {Parent}, E. and {Patel}, C. and {Ransom}, S.~M. and {Seymour}, A. and 
  {Stairs}, I.~H. and {Stappers}, B.~W. and {Tendulkar}, S.~P.
  },
    title = "{The repeating Fast Radio Burst FRB 121102: Multi-wavelength observations and additional bursts}",
  journal = {ArXiv e-prints},
archivePrefix = "arXiv",
   eprint = {1603.08880},
 primaryClass = "astro-ph.HE",
 keywords = {Astrophysics - High Energy Astrophysical Phenomena},
     year = 2016,
    month = mar,
   adsurl = {http://adsabs.harvard.edu/abs/2016arXiv160308880S},
  adsnote = {Provided by the SAO/NASA Astrophysics Data System}
}

@ARTICLE{2011MNRAS.417.1871P,
   author = {{Palliyaguru}, N.~T. and {McLaughlin}, M.~A. and {Keane}, E.~F. and 
  {Kramer}, M. and {Lyne}, A.~G. and {Lorimer}, D.~R. and {Manchester}, R.~N. and 
  {Camilo}, F. and {Stairs}, I.~H.},
    title = "{Radio properties of rotating radio transients - I. Searches for periodicities and randomness in pulse arrival times}",
  journal = {\mnras},
archivePrefix = "arXiv",
   eprint = {1107.0991},
 primaryClass = "astro-ph.SR",
 keywords = {stars: neutron, pulsars: general, Galaxy: stellar content},
     year = 2011,
    month = nov,
   volume = 417,
    pages = {1871-1880},
      doi = {10.1111/j.1365-2966.2011.19388.x},
   adsurl = {http://adsabs.harvard.edu/abs/2011MNRAS.417.1871P},
  adsnote = {Provided by the SAO/NASA Astrophysics Data System}
}

@ARTICLE{2016MNRAS.462..941L,
   author = {{Lyutikov}, M. and {Burzawa}, L. and {Popov}, S.~B.},
    title = "{Fast radio bursts as giant pulses from young rapidly rotating pulsars}",
  journal = {\mnras},
archivePrefix = "arXiv",
   eprint = {1603.02891},
 primaryClass = "astro-ph.HE",
 keywords = {radiation mechanisms: general, stars: neutron, pulsars: general},
     year = 2016,
    month = oct,
   volume = 462,
    pages = {941-950},
      doi = {10.1093/mnras/stw1669},
   adsurl = {http://adsabs.harvard.edu/abs/2016MNRAS.462..941L},
  adsnote = {Provided by the SAO/NASA Astrophysics Data System}
}

